
  <record>
    <leader>00000ccm  2200121Ia 4500</leader>
      <controlfield tag='008'>730403s1947    nyufm          n    eng  </controlfield>
      <controlfield tag='001'>594697</controlfield>
      <controlfield tag='003'>OCoLC</controlfield>
      <controlfield tag='005'>20080624034905.0</controlfield>
      <datafield ind1=' ' ind2=' ' tag='010'>
        <subfield code='a'>48006547</subfield>
      </datafield>
      <datafield ind1=' ' ind2=' ' tag='019'>
        <subfield code='a'>12443536</subfield>
        <subfield code='a'>22270415</subfield>
        <subfield code='a'>24825091</subfield>
      </datafield>
      <datafield ind1=' ' ind2=' ' tag='035'>
        <subfield code='a'>(OCoLC)594697</subfield>
        <subfield code='z'>(OCoLC)12443536</subfield>
        <subfield code='z'>(OCoLC)22270415</subfield>
        <subfield code='z'>(OCoLC)24825091</subfield>
      </datafield>
      <datafield ind1=' ' ind2=' ' tag='040'>
        <subfield code='a'>DLC</subfield>
        <subfield code='c'>WSU</subfield>
        <subfield code='d'>OCL</subfield>
        <subfield code='d'>COO</subfield>
        <subfield code='d'>OCLCQ</subfield>
        <subfield code='d'>ABI</subfield>
        <subfield code='d'>OCLCG</subfield>
      </datafield>
      <datafield ind1=' ' ind2=' ' tag='043'>
        <subfield code='a'>n-us---</subfield>
      </datafield>
      <datafield ind1=' ' ind2=' ' tag='048'>
        <subfield code='a'>vn01</subfield>
        <subfield code='a'>ka01</subfield>
      </datafield>
      <datafield ind1=' ' ind2=' ' tag='049'>
        <subfield code='a'>OFC1</subfield>
      </datafield>
      <datafield ind1='0' ind2='0' tag='245'>
        <subfield code='a'>Folk song U.S.A. :</subfield>
        <subfield code='b'>the 111 best American ballads /</subfield>
        <subfield code='c'>collected, adapted and arranged by John A. Lomax and Alan Lomax ; Alan Lomax, editor ; Charles Seeger and Ruth Crawford Seeger, music editors.</subfield>
      </datafield>
      <datafield ind1='3' ind2='0' tag='246'>
        <subfield code='a'>111 best American ballads</subfield>
      </datafield>
      <datafield ind1='1' ind2=' ' tag='246'>
        <subfield code='i'>Half title:</subfield>
        <subfield code='a'>Best loved American folk songs</subfield>
      </datafield>
      <datafield ind1=' ' ind2=' ' tag='250'>
        <subfield code='a'>[1st ed.].</subfield>
      </datafield>
      <datafield ind1=' ' ind2=' ' tag='260'>
        <subfield code='a'>New York :</subfield>
        <subfield code='b'>Duell, Sloan and Pearce,</subfield>
        <subfield code='c'>c1947.</subfield>
      </datafield>
      <datafield ind1=' ' ind2=' ' tag='300'>
        <subfield code='a'>1 score (xvi, 407 p.) ;</subfield>
        <subfield code='c'>28 cm.</subfield>
      </datafield>
      <datafield ind1=' ' ind2=' ' tag='500'>
        <subfield code='a'>Melodies arr. by John and Alan Lomax, piano acc. arr. by Charles and Ruth Seeger.</subfield>
      </datafield>
      <datafield ind1=' ' ind2=' ' tag='500'>
        <subfield code='a'>Appendices (p. 379-401): Sources and references -- Selected list of books -- Selected list of records.</subfield>
      </datafield>
      <datafield ind1=' ' ind2=' ' tag='500'>
        <subfield code='a'>Includes index.</subfield>
      </datafield>
      <datafield ind1='0' ind2=' ' tag='505'>
        <subfield code='a'>Buckeye Jim -- All the pretty little horses -- Go tell Aunt Nancy -- Leatherwing bat -- Grey goose -- Mister rabbit -- Old Blue -- Ground hog -- Springfield Mountain -- I was born about ten thousand years ago -- When you go a-courtin&apos; (The Texian boys, II) -- Lolly-too-drum -- When I was single (I and II) -- The sporting bachelors -- Jennie Jenkins -- Black, black -- Come all you fair and tender ladies -- Old Smokey -- Down in the valley -- Careless love -- Dink&apos;s song -- Easy rider (See, see, rider) -- Shorty George -- Sourwood Mountain -- Old Joe Clark (Round and round Hitler&apos;s grave) -- Raise a rukus -- Old Dan Tucker -- Cindy -- Black-eyed Susan -- Skip to my Lou -- Coffee grows on white oak trees -- Shoot the buffalo -- Buffalo gals -- Sweet thing -- Johnny has gone for a soldier -- Brave Wolfe -- John Brown&apos;s body -- Mademoiselle from Armentières -- Gee, but I want to go home -- Santy Anno -- Shenandoah -- Sacramento -- Lowlands -- Blow, ye winds in the morning -- The E-ri-e -- The bigler -- Rock about my Saro Jane -- Once more a-lumb&apos;ring go -- Blue Mountain Lake -- The jam on Jerry&apos;s rocks -- A lumberman in town -- The buffalo skinners -- Sweet Betsy from Pike -- The days of &apos;49 -- The old settler&apos;s song -- Down, down, down -- The old Chisholm trail (I and II) -- Git along, little dogies -- The streets of Laredo -- Bury me not on the lone prairie -- The cowboy&apos;s dream -- Home on the range -- Old Paint (I and II) -- Rye whiskey -- Red River Valley -- The young man who couldn&apos;t hoe corn -- Whoa, Buck! -- Pick a bale of cotton -- The boll weevil -- Starving to death on a government claim -- The state of Arkansas -- Goin&apos; down the road feelin&apos; bad -- Nine hundred miles -- John Henry (I and II) -- Casey Jones (I and II) -- Paddy works on the Erie -- O, Lula! -- Can&apos;cha line &apos;em -- The Big Rock Candy Mountain -- Jesse James -- Sam Bass -- Tom Dooley -- Down in the willow garden -- Pretty Polly -- John Hardy -- Po&apos; Laz&apos;us -- Darlin&apos; Corey -- Frankie and Albert -- Take a whiff on me -- The Durant jail (Hard times, poor boy) -- De midnight special -- Ain&apos; no mo&apos; cane on dis brazis -- Take this hammer -- Almost done -- Another man done gone -- Amazing grace -- Poor wayfaring stranger -- Wondrous love -- Bound for the promised land -- Lonesome valley -- Po&apos; li&apos;l&apos; Jesus -- Never said a mumbalin&apos; word -- Soon one mornin&apos; -- When my blood runs chilly and col&apos; -- Set down, servant -- Great gittin&apos; up mornin&apos; -- Sometimes I feel like a motherless child -- Freedom -- Go down, Moses -- Joshua fit the battle of Jericho -- Keep your hand on the plow.</subfield>
      </datafield>
      <datafield ind1=' ' ind2='0' tag='650'>
        <subfield code='a'>Folk songs, English</subfield>
        <subfield code='z'>United States.</subfield>
      </datafield>
      <datafield ind1=' ' ind2='0' tag='650'>
        <subfield code='a'>Folk music</subfield>
        <subfield code='z'>United States.</subfield>
      </datafield>
      <datafield ind1='1' ind2=' ' tag='700'>
        <subfield code='a'>Lomax, John A.</subfield>
        <subfield code='q'>(John Avery),</subfield>
        <subfield code='d'>1867-1948.</subfield>
        <subfield code='4'>arr</subfield>
      </datafield>
      <datafield ind1='1' ind2=' ' tag='700'>
        <subfield code='a'>Lomax, Alan,</subfield>
        <subfield code='d'>1915-2002.</subfield>
        <subfield code='4'>arr</subfield>
        <subfield code='4'>edt</subfield>
      </datafield>
      <datafield ind1='1' ind2=' ' tag='700'>
        <subfield code='a'>Seeger, Charles,</subfield>
        <subfield code='d'>1886-1979.</subfield>
        <subfield code='4'>edt</subfield>
      </datafield>
      <datafield ind1='1' ind2=' ' tag='700'>
        <subfield code='a'>Seeger, Ruth Crawford,</subfield>
        <subfield code='d'>1901-1953.</subfield>
        <subfield code='4'>edt</subfield>
      </datafield>
      <datafield ind1=' ' ind2=' ' tag='907'>
        <subfield code='a'>b1146036</subfield>
      </datafield>
      <datafield ind1='9' ind2='1' tag='999'>
        <subfield code='i'>i1262492</subfield>
        <subfield code='l'>lljd</subfield>
        <subfield code='s'>-</subfield>
        <subfield code='t'>22</subfield>
        <subfield code='c'>1</subfield>
        <subfield code='o'>0</subfield>
        <subfield code='b'>10000200550</subfield>
        <subfield code='p'>099#9</subfield>
        <subfield code='q'>|aQJ784.L83 Lomax</subfield>
      </datafield>
      <datafield ind1='9' ind2='1' tag='999'>
        <subfield code='i'>i1262493</subfield>
        <subfield code='l'>mmda</subfield>
        <subfield code='s'>-</subfield>
        <subfield code='t'>45</subfield>
        <subfield code='c'>1</subfield>
        <subfield code='o'>0</subfield>
        <subfield code='b'>00019654349</subfield>
        <subfield code='p'>090##</subfield>
        <subfield code='q'>|aM1629.L85 F6 1947a</subfield>
      </datafield>
      <datafield ind1='9' ind2='1' tag='999'>
        <subfield code='i'>i1262495</subfield>
        <subfield code='l'>mmda</subfield>
        <subfield code='s'>-</subfield>
        <subfield code='t'>45</subfield>
        <subfield code='c'>2</subfield>
        <subfield code='o'>1</subfield>
        <subfield code='b'>00010893722</subfield>
        <subfield code='p'>090##</subfield>
        <subfield code='q'>|aM1629.L85 F6 1947a</subfield>
      </datafield>
      <datafield ind1='9' ind2='1' tag='999'>
        <subfield code='i'>i1262496</subfield>
        <subfield code='l'>mmda</subfield>
        <subfield code='s'>-</subfield>
        <subfield code='t'>0</subfield>
        <subfield code='c'>3</subfield>
        <subfield code='o'>3</subfield>
        <subfield code='b'>10001565405</subfield>
        <subfield code='p'>090##</subfield>
        <subfield code='q'>|aM1629.L85 F6 1947a</subfield>
      </datafield>
      <datafield ind1='9' ind2='1' tag='999'>
        <subfield code='i'>i1262491</subfield>
        <subfield code='l'>mmfa</subfield>
        <subfield code='s'>m</subfield>
        <subfield code='t'>0</subfield>
        <subfield code='c'>1</subfield>
        <subfield code='o'>0</subfield>
        <subfield code='b'>HAGK-4386-00001</subfield>
        <subfield code='p'>090##</subfield>
        <subfield code='q'>|aM1629.L85 F6 1947a</subfield>
      </datafield>
      <datafield ind1='9' ind2='1' tag='999'>
        <subfield code='i'>i1262498</subfield>
        <subfield code='l'>wadb</subfield>
        <subfield code='s'>o</subfield>
        <subfield code='t'>0</subfield>
        <subfield code='c'>4</subfield>
        <subfield code='o'>0</subfield>
        <subfield code='b'>00020631292</subfield>
        <subfield code='p'>090##</subfield>
        <subfield code='q'>|aM1629.L85 F6 1947a</subfield>
        <subfield code='n'>2nd edition</subfield>
      </datafield>
      <datafield ind1='9' ind2='2' tag='999'>
        <subfield code='a'>c1237149</subfield>
        <subfield code='b'>mmda</subfield>
        <subfield code='c'>0</subfield>
      </datafield>
      <datafield ind1='9' ind2='3' tag='999'>
        <subfield code='0'>c1237149</subfield>
        <subfield code='2'>852</subfield>
        <subfield code='3'>c</subfield>
        <subfield code='b'>577721</subfield>
        <subfield code='h'>M1629.L85</subfield>
        <subfield code='i'>F6 1947a</subfield>
      </datafield>
      <datafield ind1='9' ind2='3' tag='999'>
        <subfield code='0'>c1237149</subfield>
        <subfield code='2'>852</subfield>
        <subfield code='3'>e</subfield>
        <subfield code='p'>00019654349</subfield>
        <subfield code='t'>1</subfield>
      </datafield>
      <datafield ind1='9' ind2='3' tag='999'>
        <subfield code='0'>c1237149</subfield>
        <subfield code='2'>852</subfield>
        <subfield code='3'>e</subfield>
        <subfield code='p'>00010893722</subfield>
        <subfield code='t'>2</subfield>
      </datafield>
      <datafield ind1='0' ind2='0' tag='999'>
        <subfield code='a'>2008-06-24 00:00:00-04</subfield>
        <subfield code='c'>2004-09-27 13:19:00-04</subfield>
        <subfield code='u'>2016-09-24 14:44:00-04</subfield>
      </datafield>
  </record>