
  <record>
    <leader>00000cas a2207441 a 4500</leader>
      <controlfield tag='008'>750921c18809999dcuwn p       0   a0eng c</controlfield>
      <controlfield tag='001'>1644869</controlfield>
      <controlfield tag='003'>OCoLC</controlfield>
      <controlfield tag='005'>20160105045244.0</controlfield>
      <datafield ind1=' ' ind2=' ' tag='010'>
        <subfield code='a'>17024346</subfield>
        <subfield code='z'>02027780</subfield>
      </datafield>
      <datafield ind1='7' ind2=' ' tag='016'>
        <subfield code='a'>010730516</subfield>
        <subfield code='2'>DE-101</subfield>
      </datafield>
      <datafield ind1='7' ind2=' ' tag='016'>
        <subfield code='a'>128410-1</subfield>
        <subfield code='2'>DE-600</subfield>
      </datafield>
      <datafield ind1='7' ind2=' ' tag='016'>
        <subfield code='a'>000270349</subfield>
        <subfield code='2'>IsJJNL</subfield>
      </datafield>
      <datafield ind1=' ' ind2=' ' tag='019'>
        <subfield code='a'>1242075</subfield>
        <subfield code='a'>2948546</subfield>
        <subfield code='a'>45611234</subfield>
        <subfield code='a'>51394437</subfield>
        <subfield code='a'>174295239</subfield>
        <subfield code='a'>182894935</subfield>
        <subfield code='a'>191712526</subfield>
        <subfield code='a'>213776464</subfield>
        <subfield code='a'>241455726</subfield>
        <subfield code='a'>264687537</subfield>
        <subfield code='a'>466385059</subfield>
        <subfield code='a'>531780649</subfield>
        <subfield code='a'>535329552</subfield>
        <subfield code='a'>605919286</subfield>
        <subfield code='a'>610331497</subfield>
        <subfield code='a'>610399787</subfield>
        <subfield code='a'>636758848</subfield>
        <subfield code='a'>644275808</subfield>
        <subfield code='a'>669680712</subfield>
        <subfield code='a'>671797966</subfield>
        <subfield code='a'>704173159</subfield>
        <subfield code='a'>704177541</subfield>
        <subfield code='a'>725829686</subfield>
        <subfield code='a'>731375748</subfield>
        <subfield code='a'>731490566</subfield>
        <subfield code='a'>740900273</subfield>
        <subfield code='a'>749315199</subfield>
        <subfield code='a'>820894319</subfield>
        <subfield code='a'>821022421</subfield>
        <subfield code='a'>843862549</subfield>
        <subfield code='a'>846855582</subfield>
        <subfield code='a'>858461744</subfield>
        <subfield code='a'>872712451</subfield>
        <subfield code='a'>885418220</subfield>
        <subfield code='a'>892619422</subfield>
        <subfield code='a'>894475392</subfield>
        <subfield code='a'>894520184</subfield>
        <subfield code='a'>895538471</subfield>
        <subfield code='a'>907257108</subfield>
      </datafield>
      <datafield ind1='0' ind2=' ' tag='022'>
        <subfield code='a'>0036-8075</subfield>
        <subfield code='l'>0036-8075</subfield>
        <subfield code='y'>003--8076</subfield>
        <subfield code='2'>1</subfield>
      </datafield>
      <datafield ind1=' ' ind2=' ' tag='030'>
        <subfield code='a'>SCIEAS</subfield>
      </datafield>
      <datafield ind1=' ' ind2=' ' tag='032'>
        <subfield code='a'>484460</subfield>
        <subfield code='b'>USPS</subfield>
      </datafield>
      <datafield ind1=' ' ind2=' ' tag='035'>
        <subfield code='a'>(OCoLC)1644869</subfield>
        <subfield code='z'>(OCoLC)1242075</subfield>
        <subfield code='z'>(OCoLC)2948546</subfield>
        <subfield code='z'>(OCoLC)45611234</subfield>
        <subfield code='z'>(OCoLC)51394437</subfield>
        <subfield code='z'>(OCoLC)174295239</subfield>
        <subfield code='z'>(OCoLC)182894935</subfield>
        <subfield code='z'>(OCoLC)191712526</subfield>
        <subfield code='z'>(OCoLC)213776464</subfield>
        <subfield code='z'>(OCoLC)241455726</subfield>
        <subfield code='z'>(OCoLC)264687537</subfield>
        <subfield code='z'>(OCoLC)466385059</subfield>
        <subfield code='z'>(OCoLC)531780649</subfield>
        <subfield code='z'>(OCoLC)535329552</subfield>
        <subfield code='z'>(OCoLC)605919286</subfield>
        <subfield code='z'>(OCoLC)610331497</subfield>
        <subfield code='z'>(OCoLC)610399787</subfield>
        <subfield code='z'>(OCoLC)636758848</subfield>
        <subfield code='z'>(OCoLC)644275808</subfield>
        <subfield code='z'>(OCoLC)669680712</subfield>
        <subfield code='z'>(OCoLC)671797966</subfield>
        <subfield code='z'>(OCoLC)704173159</subfield>
        <subfield code='z'>(OCoLC)704177541</subfield>
        <subfield code='z'>(OCoLC)725829686</subfield>
        <subfield code='z'>(OCoLC)731375748</subfield>
        <subfield code='z'>(OCoLC)731490566</subfield>
        <subfield code='z'>(OCoLC)740900273</subfield>
        <subfield code='z'>(OCoLC)749315199</subfield>
        <subfield code='z'>(OCoLC)820894319</subfield>
        <subfield code='z'>(OCoLC)821022421</subfield>
        <subfield code='z'>(OCoLC)843862549</subfield>
        <subfield code='z'>(OCoLC)846855582</subfield>
        <subfield code='z'>(OCoLC)858461744</subfield>
        <subfield code='z'>(OCoLC)872712451</subfield>
        <subfield code='z'>(OCoLC)885418220</subfield>
        <subfield code='z'>(OCoLC)892619422</subfield>
        <subfield code='z'>(OCoLC)894475392</subfield>
        <subfield code='z'>(OCoLC)894520184</subfield>
        <subfield code='z'>(OCoLC)895538471</subfield>
        <subfield code='z'>(OCoLC)907257108</subfield>
      </datafield>
      <datafield ind1=' ' ind2=' ' tag='040'>
        <subfield code='a'>MUL</subfield>
        <subfield code='b'>eng</subfield>
        <subfield code='c'>MUL</subfield>
        <subfield code='d'>COO</subfield>
        <subfield code='d'>RCS</subfield>
        <subfield code='d'>IUL</subfield>
        <subfield code='d'>AIP</subfield>
        <subfield code='d'>NYG</subfield>
        <subfield code='d'>AGL</subfield>
        <subfield code='d'>NST</subfield>
        <subfield code='d'>GUA</subfield>
        <subfield code='d'>HUL</subfield>
        <subfield code='d'>MXC</subfield>
        <subfield code='d'>MYG</subfield>
        <subfield code='d'>NLM</subfield>
        <subfield code='d'>WAU</subfield>
        <subfield code='d'>DLC</subfield>
        <subfield code='d'>CDS</subfield>
        <subfield code='d'>NLGGC</subfield>
        <subfield code='d'>IUL</subfield>
        <subfield code='d'>LVB</subfield>
        <subfield code='d'>CWR</subfield>
        <subfield code='d'>NSD</subfield>
        <subfield code='d'>EEM</subfield>
        <subfield code='d'>COA</subfield>
        <subfield code='d'>KRTAS</subfield>
        <subfield code='d'>AMAZN</subfield>
        <subfield code='d'>CUS</subfield>
        <subfield code='d'>OCL</subfield>
        <subfield code='d'>OCLCQ</subfield>
        <subfield code='d'>UPM</subfield>
        <subfield code='d'>OCLCF</subfield>
        <subfield code='d'>OCLCO</subfield>
        <subfield code='d'>P4I</subfield>
        <subfield code='d'>OCLCQ</subfield>
        <subfield code='d'>CUD</subfield>
        <subfield code='d'>BEDGE</subfield>
        <subfield code='d'>CUY</subfield>
        <subfield code='d'>LET</subfield>
        <subfield code='d'>DDO</subfield>
        <subfield code='d'>CNMBL</subfield>
        <subfield code='d'>PLL</subfield>
        <subfield code='d'>AU@</subfield>
        <subfield code='d'>LGG</subfield>
        <subfield code='d'>EUX</subfield>
        <subfield code='d'>GEBAY</subfield>
        <subfield code='d'>DEBBG</subfield>
        <subfield code='d'>GBVCP</subfield>
        <subfield code='d'>QAQUL</subfield>
        <subfield code='d'>ERN</subfield>
        <subfield code='d'>TOF</subfield>
        <subfield code='d'>J9U</subfield>
        <subfield code='d'>OCLCQ</subfield>
        <subfield code='d'>INU</subfield>
        <subfield code='d'>DLC</subfield>
        <subfield code='d'>OCLCQ</subfield>
        <subfield code='d'>EUW</subfield>
        <subfield code='d'>OCLCA</subfield>
      </datafield>
      <datafield ind1=' ' ind2=' ' tag='042'>
        <subfield code='a'>nsdp</subfield>
        <subfield code='a'>pcc</subfield>
      </datafield>
      <datafield ind1=' ' ind2=' ' tag='049'>
        <subfield code='a'>NOCC</subfield>
      </datafield>
      <datafield ind1='0' ind2='0' tag='050'>
        <subfield code='a'>Q1</subfield>
        <subfield code='b'>.S35</subfield>
        <subfield code='3'>Applies to: 1883-</subfield>
      </datafield>
      <datafield ind1='1' ind2='4' tag='050'>
        <subfield code='a'>QH301</subfield>
      </datafield>
      <datafield ind1=' ' ind2=' ' tag='051'>
        <subfield code='a'>http://www.jstor.org/journals/00368075.html</subfield>
        <subfield code='c'>ELECTRONIC COPY</subfield>
      </datafield>
      <datafield ind1='0' ind2='0' tag='060'>
        <subfield code='a'>W1</subfield>
        <subfield code='b'>SC653</subfield>
      </datafield>
      <datafield ind1='0' ind2='0' tag='082'>
        <subfield code='a'>505</subfield>
        <subfield code='2'>19</subfield>
      </datafield>
      <datafield ind1='0' ind2=' ' tag='130'>
        <subfield code='a'>Science (New York, N.Y.)</subfield>
      </datafield>
      <datafield ind1='0' ind2=' ' tag='210'>
        <subfield code='a'>Sci.</subfield>
        <subfield code='b'>(N.Y., N.Y.)</subfield>
      </datafield>
      <datafield ind1=' ' ind2='0' tag='222'>
        <subfield code='a'>Science</subfield>
        <subfield code='b'>(New York, N.Y.)</subfield>
      </datafield>
      <datafield ind1='1' ind2='0' tag='245'>
        <subfield code='a'>Science</subfield>
        <subfield code='h'>[serial].</subfield>
      </datafield>
      <datafield ind1=' ' ind2=' ' tag='260'>
        <subfield code='a'>New York, N.Y. :</subfield>
        <subfield code='b'>[publisher not identified],</subfield>
        <subfield code='c'>1880-</subfield>
      </datafield>
      <datafield ind1=' ' ind2=' ' tag='300'>
        <subfield code='a'>volumes :</subfield>
        <subfield code='b'>illustrations ;</subfield>
        <subfield code='c'>26-32 cm</subfield>
      </datafield>
      <datafield ind1=' ' ind2=' ' tag='310'>
        <subfield code='a'>Weekly (except last week in Dec.)</subfield>
      </datafield>
      <datafield ind1=' ' ind2=' ' tag='336'>
        <subfield code='a'>text</subfield>
        <subfield code='b'>txt</subfield>
        <subfield code='2'>rdacontent</subfield>
      </datafield>
      <datafield ind1=' ' ind2=' ' tag='337'>
        <subfield code='a'>unmediated</subfield>
        <subfield code='b'>n</subfield>
        <subfield code='2'>rdamedia</subfield>
      </datafield>
      <datafield ind1=' ' ind2=' ' tag='338'>
        <subfield code='a'>volume</subfield>
        <subfield code='b'>nc</subfield>
        <subfield code='2'>rdacarrier</subfield>
      </datafield>
      <datafield ind1='0' ind2=' ' tag='362'>
        <subfield code='a'>Vol. 1, no. 1 (July 3, 1880)-v. 3, no. 82 (Mar. 4, 1882); [New ser.] vol. 1, no. 1 (Feb. 9, 1883)-v. 23, no. 581 (Mar. 23, 1894); [2nd ser.] v. 1, no. 1 (Jan. 4, 1895)-</subfield>
      </datafield>
      <datafield ind1=' ' ind2=' ' tag='500'>
        <subfield code='a'>&quot;A weekly record of scientific progress.&quot;</subfield>
      </datafield>
      <datafield ind1=' ' ind2=' ' tag='500'>
        <subfield code='a'>Edited by J. Michels.</subfield>
      </datafield>
      <datafield ind1=' ' ind2=' ' tag='500'>
        <subfield code='a'>Published: Cambridge, Mass. : Science Company, Moses King, 1883- ; Lancaster, Pa. : Science Press, -1944; Lancaster, Pa. : American Association for the Advancement of Science, 1945- ; Washington, DC : American Association for the Advancement of Science, &lt;Oct. 4, 1991-&gt;</subfield>
      </datafield>
      <datafield ind1=' ' ind2=' ' tag='500'>
        <subfield code='a'>Since Jan. 1901 the official proceedings and most of the papers of the American Association for the Advancement of Science have been included in Science.</subfield>
      </datafield>
      <datafield ind1=' ' ind2=' ' tag='500'>
        <subfield code='a'>Some issues accompanied by CD-ROM.</subfield>
      </datafield>
      <datafield ind1='2' ind2=' ' tag='510'>
        <subfield code='a'>Chemical abstracts</subfield>
        <subfield code='x'>0009-2258</subfield>
      </datafield>
      <datafield ind1=' ' ind2=' ' tag='515'>
        <subfield code='a'>None issued for Jan. 7, Jan. 28-Feb. 1882.</subfield>
      </datafield>
      <datafield ind1=' ' ind2=' ' tag='525'>
        <subfield code='a'>Has occasional supplements.</subfield>
      </datafield>
      <datafield ind1=' ' ind2=' ' tag='530'>
        <subfield code='a'>Also issued online.</subfield>
      </datafield>
      <datafield ind1=' ' ind2=' ' tag='555'>
        <subfield code='a'>Index in last issue of v., -1996; index only available in online version, 1997-</subfield>
      </datafield>
      <datafield ind1=' ' ind2=' ' tag='588'>
        <subfield code='a'>Latest issue consulted: Vol. 338, issue 6113 (Dec. 14, 2012).</subfield>
      </datafield>
      <datafield ind1=' ' ind2='2' tag='650'>
        <subfield code='a'>Science.</subfield>
      </datafield>
      <datafield ind1=' ' ind2='0' tag='650'>
        <subfield code='a'>Science</subfield>
        <subfield code='v'>Periodicals.</subfield>
      </datafield>
      <datafield ind1=' ' ind2='7' tag='650'>
        <subfield code='a'>Hebdomadaires.</subfield>
        <subfield code='2'>eclas</subfield>
      </datafield>
      <datafield ind1=' ' ind2='7' tag='650'>
        <subfield code='a'>Sciences.</subfield>
        <subfield code='2'>eclas</subfield>
      </datafield>
      <datafield ind1=' ' ind2='7' tag='650'>
        <subfield code='a'>Science.</subfield>
        <subfield code='2'>fast</subfield>
        <subfield code='0'>(OCoLC)fst01108176</subfield>
      </datafield>
      <datafield ind1='1' ind2='7' tag='650'>
        <subfield code='a'>Natuurwetenschappen.</subfield>
        <subfield code='2'>gtt</subfield>
      </datafield>
      <datafield ind1='0' ind2='7' tag='650'>
        <subfield code='a'>Astronomie.</subfield>
        <subfield code='0'>(DE-588)4003311-9</subfield>
        <subfield code='2'>gnd</subfield>
      </datafield>
      <datafield ind1='0' ind2='7' tag='650'>
        <subfield code='a'>Biowissenschaften.</subfield>
        <subfield code='0'>(DE-588)4129772-6</subfield>
        <subfield code='2'>gnd</subfield>
      </datafield>
      <datafield ind1='0' ind2='7' tag='650'>
        <subfield code='a'>Naturwissenschaften.</subfield>
        <subfield code='0'>(DE-588)4041421-8</subfield>
        <subfield code='2'>gnd</subfield>
      </datafield>
      <datafield ind1='0' ind2='7' tag='650'>
        <subfield code='a'>Umweltwissenschaften.</subfield>
        <subfield code='0'>(DE-588)4137364-9</subfield>
        <subfield code='2'>gnd</subfield>
      </datafield>
      <datafield ind1='0' ind2='7' tag='650'>
        <subfield code='a'>Zeitschrift.</subfield>
        <subfield code='0'>(DE-588)4067488-5</subfield>
        <subfield code='2'>gnd</subfield>
      </datafield>
      <datafield ind1='0' ind2='7' tag='650'>
        <subfield code='a'>Naturwissenschaften.</subfield>
        <subfield code='2'>swd</subfield>
      </datafield>
      <datafield ind1='0' ind2='7' tag='650'>
        <subfield code='a'>Zeitschrift.</subfield>
        <subfield code='2'>swd</subfield>
      </datafield>
      <datafield ind1=' ' ind2='7' tag='650'>
        <subfield code='a'>USA</subfield>
        <subfield code='0'>(DE-601)091396867</subfield>
        <subfield code='0'>(DE-STW)17829-1</subfield>
        <subfield code='2'>stw</subfield>
      </datafield>
      <datafield ind1=' ' ind2='7' tag='650'>
        <subfield code='a'>Wirtschaftswissenschaft</subfield>
        <subfield code='0'>(DE-601)091401372</subfield>
        <subfield code='0'>(DE-STW)10032-2</subfield>
        <subfield code='2'>stw</subfield>
      </datafield>
      <datafield ind1=' ' ind2='7' tag='650'>
        <subfield code='a'>Wissenschaftspolitik</subfield>
        <subfield code='0'>(DE-601)09140147X</subfield>
        <subfield code='0'>(DE-STW)16487-1</subfield>
        <subfield code='2'>stw</subfield>
      </datafield>
      <datafield ind1=' ' ind2='7' tag='650'>
        <subfield code='a'>Naturwissenschaft</subfield>
        <subfield code='0'>(DE-601)091379644</subfield>
        <subfield code='0'>(DE-STW)15664-3</subfield>
        <subfield code='2'>stw</subfield>
      </datafield>
      <datafield ind1=' ' ind2='7' tag='650'>
        <subfield code='a'>Wissenschaft</subfield>
        <subfield code='0'>(DE-601)091401410</subfield>
        <subfield code='0'>(DE-STW)15685-2</subfield>
        <subfield code='2'>stw</subfield>
      </datafield>
      <datafield ind1=' ' ind2=' ' tag='653'>
        <subfield code='a'>Pure Sciences</subfield>
      </datafield>
      <datafield ind1=' ' ind2='2' tag='655'>
        <subfield code='a'>Periodicals.</subfield>
      </datafield>
      <datafield ind1=' ' ind2='4' tag='655'>
        <subfield code='a'>Online resources.</subfield>
      </datafield>
      <datafield ind1=' ' ind2='4' tag='655'>
        <subfield code='a'>Zeitschrift.</subfield>
      </datafield>
      <datafield ind1=' ' ind2='7' tag='655'>
        <subfield code='a'>Periodicals.</subfield>
        <subfield code='2'>fast</subfield>
        <subfield code='0'>(OCoLC)fst01411641</subfield>
      </datafield>
      <datafield ind1=' ' ind2='7' tag='655'>
        <subfield code='a'>Electronic journals.</subfield>
        <subfield code='2'>lcgft</subfield>
      </datafield>
      <datafield ind1=' ' ind2='7' tag='655'>
        <subfield code='a'>Periodicals.</subfield>
        <subfield code='2'>rbgenr</subfield>
      </datafield>
      <datafield ind1='1' ind2=' ' tag='700'>
        <subfield code='a'>Michels, John</subfield>
        <subfield code='c'>(Journalist)</subfield>
        <subfield code='4'>edt</subfield>
      </datafield>
      <datafield ind1='2' ind2=' ' tag='710'>
        <subfield code='a'>American Association for the Advancement of Science.</subfield>
      </datafield>
      <datafield ind1='0' ind2=' ' tag='770'>
        <subfield code='t'>AAAS observer</subfield>
        <subfield code='x'>1043-6936</subfield>
        <subfield code='w'>(DLC)sn 88019924</subfield>
        <subfield code='w'>(OCoLC)18455932</subfield>
      </datafield>
      <datafield ind1='0' ind2=' ' tag='770'>
        <subfield code='t'>Guide to biotechnology products and instruments, guide to scientific instruments</subfield>
        <subfield code='g'>1986-1991</subfield>
        <subfield code='w'>(DLC)sn 88012944</subfield>
        <subfield code='w'>(OCoLC)15272570</subfield>
      </datafield>
      <datafield ind1='0' ind2=' ' tag='770'>
        <subfield code='t'>Guide to scientific instruments</subfield>
        <subfield code='g'>1964-1985</subfield>
        <subfield code='x'>0533-5426</subfield>
        <subfield code='w'>(DLC)   83646900</subfield>
        <subfield code='w'>(OCoLC)1779025</subfield>
      </datafield>
      <datafield ind1='0' ind2=' ' tag='776'>
        <subfield code='c'>Microfilm</subfield>
        <subfield code='d'>Maxwell Scientific International</subfield>
        <subfield code='t'>Science</subfield>
        <subfield code='x'>0036-8075</subfield>
        <subfield code='w'>(OCoLC)70737295</subfield>
      </datafield>
      <datafield ind1='0' ind2='8' tag='776'>
        <subfield code='i'>Online version:</subfield>
        <subfield code='t'>Science (New York, N.Y. : Online)</subfield>
        <subfield code='x'>1095-9203</subfield>
        <subfield code='w'>(DLC)sn 96036234</subfield>
        <subfield code='w'>(OCoLC)34298537</subfield>
      </datafield>
      <datafield ind1='0' ind2='8' tag='777'>
        <subfield code='i'>Vols. for 1911-1913 contain:</subfield>
        <subfield code='a'>Helminthological Society of Washington.</subfield>
        <subfield code='t'>Proceedings of the Helminthological Society of Washington</subfield>
        <subfield code='g'>1st-15th</subfield>
        <subfield code='x'>0018-0130</subfield>
        <subfield code='w'>(DLC)   65032051</subfield>
        <subfield code='w'>(OCoLC)1604661</subfield>
      </datafield>
      <datafield ind1='0' ind2='5' tag='780'>
        <subfield code='t'>Scientific monthly</subfield>
        <subfield code='g'>Jan. 1958</subfield>
        <subfield code='x'>0096-3771</subfield>
        <subfield code='w'>(DLC)   16010072</subfield>
        <subfield code='w'>(OCoLC)1765233</subfield>
      </datafield>
      <datafield ind1='0' ind2=' ' tag='787'>
        <subfield code='a'>American Association for the Advancement of Science.</subfield>
        <subfield code='t'>Summarized proceedings of the ... meeting ... together with the constitution and by-laws and rules of procedure adopted at the St. Louis meeting and also the list of fellows and other members corrected to June 15, 1921</subfield>
        <subfield code='w'>(DLC)   98642021</subfield>
        <subfield code='w'>(OCoLC)14153243</subfield>
      </datafield>
      <datafield ind1='0' ind2=' ' tag='787'>
        <subfield code='a'>American Association for the Advancement of Science.</subfield>
        <subfield code='t'>Summarized proceedings of the American Association for the Advancement of Science for the period from ...</subfield>
        <subfield code='w'>(DLC)   98642022</subfield>
        <subfield code='w'>(OCoLC)6724869</subfield>
      </datafield>
      <datafield ind1='0' ind2=' ' tag='787'>
        <subfield code='a'>American Association for the Advancement of Science.</subfield>
        <subfield code='t'>Summarized proceedings ... including a chapter on the background and origin of the association and a directory of fellows and other members</subfield>
        <subfield code='w'>(DLC)   98642023</subfield>
        <subfield code='w'>(OCoLC)14154019</subfield>
      </datafield>
      <datafield ind1='0' ind2=' ' tag='787'>
        <subfield code='a'>American Association for the Advancement of Science.</subfield>
        <subfield code='t'>Summarized proceedings for the period from ... and a directory of members as of ...</subfield>
        <subfield code='w'>(DLC)   12030236</subfield>
        <subfield code='w'>(OCoLC)6926793</subfield>
      </datafield>
      <datafield ind1='2' ind2='0' tag='891'>
        <subfield code='9'>853</subfield>
        <subfield code='8'>1</subfield>
        <subfield code='a'>v.</subfield>
        <subfield code='b'>no.</subfield>
        <subfield code='u'>51</subfield>
        <subfield code='v'>c</subfield>
        <subfield code='i'>(year)</subfield>
        <subfield code='j'>(month)</subfield>
        <subfield code='k'>(day)</subfield>
        <subfield code='w'>w</subfield>
        <subfield code='y'>ow1204</subfield>
      </datafield>
      <datafield ind1='4' ind2='1' tag='891'>
        <subfield code='9'>863</subfield>
        <subfield code='8'>1.1</subfield>
        <subfield code='a'>&lt;301 &gt;</subfield>
        <subfield code='b'>&lt;5629 &gt;</subfield>
        <subfield code='i'>&lt;2003&gt;</subfield>
        <subfield code='j'>&lt;07&gt;</subfield>
        <subfield code='k'>&lt;04&gt;</subfield>
      </datafield>
      <datafield ind1=' ' ind2=' ' tag='919'>
        <subfield code='a'>590 Touched / wkg</subfield>
      </datafield>
      <datafield ind1=' ' ind2=' ' tag='907'>
        <subfield code='a'>b1311358</subfield>
      </datafield>
      <datafield ind1='9' ind2='1' tag='999'>
        <subfield code='i'>i1657256</subfield>
        <subfield code='l'>nohs</subfield>
        <subfield code='s'>-</subfield>
        <subfield code='t'>2</subfield>
        <subfield code='c'>1</subfield>
        <subfield code='o'>1</subfield>
        <subfield code='b'>H00269563V</subfield>
        <subfield code='v'>v.255(1992:Jan. 3-Feb. 14)</subfield>
      </datafield>
      <datafield ind1='9' ind2='1' tag='999'>
        <subfield code='i'>i1657257</subfield>
        <subfield code='l'>nohs</subfield>
        <subfield code='s'>-</subfield>
        <subfield code='t'>2</subfield>
        <subfield code='c'>1</subfield>
        <subfield code='o'>0</subfield>
        <subfield code='b'>H00269570T</subfield>
        <subfield code='v'>v.255(1992:Feb. 21-Mar. 27)</subfield>
      </datafield>
      <datafield ind1='9' ind2='1' tag='999'>
        <subfield code='i'>i1657258</subfield>
        <subfield code='l'>nohs</subfield>
        <subfield code='s'>-</subfield>
        <subfield code='t'>2</subfield>
        <subfield code='c'>1</subfield>
        <subfield code='o'>0</subfield>
        <subfield code='b'>H00191243K</subfield>
        <subfield code='v'>v.256(1992:Apr. 3-May 8)</subfield>
      </datafield>
      <datafield ind1='9' ind2='1' tag='999'>
        <subfield code='i'>i1657259</subfield>
        <subfield code='l'>nohs</subfield>
        <subfield code='s'>-</subfield>
        <subfield code='t'>2</subfield>
        <subfield code='c'>1</subfield>
        <subfield code='o'>0</subfield>
        <subfield code='b'>H00269577-</subfield>
        <subfield code='v'>v.256(1992:May 15-June 26)</subfield>
      </datafield>
      <datafield ind1='9' ind2='1' tag='999'>
        <subfield code='i'>i1657260</subfield>
        <subfield code='l'>nohs</subfield>
        <subfield code='s'>-</subfield>
        <subfield code='t'>2</subfield>
        <subfield code='c'>1</subfield>
        <subfield code='o'>0</subfield>
        <subfield code='b'>H00269612Q</subfield>
        <subfield code='v'>v.257(1992:July 3-Aug. 7)</subfield>
      </datafield>
      <datafield ind1='9' ind2='1' tag='999'>
        <subfield code='i'>i1657261</subfield>
        <subfield code='l'>nohs</subfield>
        <subfield code='s'>-</subfield>
        <subfield code='t'>2</subfield>
        <subfield code='c'>1</subfield>
        <subfield code='o'>1</subfield>
        <subfield code='b'>H00231212B</subfield>
        <subfield code='v'>v.257(1992:Aug. 14-Sept. 18)</subfield>
      </datafield>
      <datafield ind1='9' ind2='1' tag='999'>
        <subfield code='i'>i1657262</subfield>
        <subfield code='l'>nohs</subfield>
        <subfield code='s'>-</subfield>
        <subfield code='t'>2</subfield>
        <subfield code='c'>1</subfield>
        <subfield code='o'>6</subfield>
        <subfield code='b'>H00198110K</subfield>
        <subfield code='v'>v.258(1992:Oct. 2-Nov. 6)</subfield>
      </datafield>
      <datafield ind1='9' ind2='1' tag='999'>
        <subfield code='i'>i1657263</subfield>
        <subfield code='l'>nohs</subfield>
        <subfield code='s'>-</subfield>
        <subfield code='t'>2</subfield>
        <subfield code='c'>1</subfield>
        <subfield code='o'>4</subfield>
        <subfield code='b'>H00198068W</subfield>
        <subfield code='v'>v.258(1992:Nov. 13-Dec. 18)</subfield>
      </datafield>
      <datafield ind1='9' ind2='1' tag='999'>
        <subfield code='i'>i1657264</subfield>
        <subfield code='l'>nohs</subfield>
        <subfield code='s'>-</subfield>
        <subfield code='t'>2</subfield>
        <subfield code='c'>1</subfield>
        <subfield code='o'>1</subfield>
        <subfield code='b'>H00212965P</subfield>
        <subfield code='v'>v.259(1993:Jan. 1-Jan. 22)</subfield>
        <subfield code='n'>includes suppl.</subfield>
      </datafield>
      <datafield ind1='9' ind2='1' tag='999'>
        <subfield code='i'>i1657265</subfield>
        <subfield code='l'>nohs</subfield>
        <subfield code='s'>-</subfield>
        <subfield code='t'>2</subfield>
        <subfield code='c'>1</subfield>
        <subfield code='o'>5</subfield>
        <subfield code='b'>H00204221B</subfield>
        <subfield code='v'>v.259(1993:Jan. 29-Feb. 19)</subfield>
      </datafield>
      <datafield ind1='9' ind2='1' tag='999'>
        <subfield code='i'>i1657266</subfield>
        <subfield code='l'>nohs</subfield>
        <subfield code='s'>-</subfield>
        <subfield code='t'>2</subfield>
        <subfield code='c'>1</subfield>
        <subfield code='o'>1</subfield>
        <subfield code='b'>H00198073S</subfield>
        <subfield code='v'>v.259(1993:Feb. 26-Mar. 26)</subfield>
      </datafield>
      <datafield ind1='9' ind2='1' tag='999'>
        <subfield code='i'>i1657267</subfield>
        <subfield code='l'>nohs</subfield>
        <subfield code='s'>-</subfield>
        <subfield code='t'>2</subfield>
        <subfield code='c'>1</subfield>
        <subfield code='o'>1</subfield>
        <subfield code='b'>H00269605S</subfield>
        <subfield code='v'>v.260(1993:Apr.)</subfield>
      </datafield>
      <datafield ind1='9' ind2='1' tag='999'>
        <subfield code='i'>i1657268</subfield>
        <subfield code='l'>nohs</subfield>
        <subfield code='s'>-</subfield>
        <subfield code='t'>2</subfield>
        <subfield code='c'>1</subfield>
        <subfield code='o'>1</subfield>
        <subfield code='b'>H00236195Q</subfield>
        <subfield code='v'>v.260(1993:May)</subfield>
      </datafield>
      <datafield ind1='9' ind2='1' tag='999'>
        <subfield code='i'>i1657269</subfield>
        <subfield code='l'>nohs</subfield>
        <subfield code='s'>-</subfield>
        <subfield code='t'>2</subfield>
        <subfield code='c'>1</subfield>
        <subfield code='o'>0</subfield>
        <subfield code='b'>H00269598$</subfield>
        <subfield code='v'>v.260(1993:June)</subfield>
      </datafield>
      <datafield ind1='9' ind2='1' tag='999'>
        <subfield code='i'>i1657270</subfield>
        <subfield code='l'>nohs</subfield>
        <subfield code='s'>-</subfield>
        <subfield code='t'>2</subfield>
        <subfield code='c'>1</subfield>
        <subfield code='o'>2</subfield>
        <subfield code='b'>H00172609P</subfield>
        <subfield code='v'>v.261(1993:July 2-Aug. 27)</subfield>
      </datafield>
      <datafield ind1='9' ind2='1' tag='999'>
        <subfield code='i'>i1657271</subfield>
        <subfield code='l'>nohs</subfield>
        <subfield code='s'>-</subfield>
        <subfield code='t'>2</subfield>
        <subfield code='c'>1</subfield>
        <subfield code='o'>1</subfield>
        <subfield code='b'>H00165044K</subfield>
        <subfield code='v'>v.261(1993:Sept.)</subfield>
      </datafield>
      <datafield ind1='9' ind2='1' tag='999'>
        <subfield code='i'>i1657272</subfield>
        <subfield code='l'>nohs</subfield>
        <subfield code='s'>-</subfield>
        <subfield code='t'>2</subfield>
        <subfield code='c'>1</subfield>
        <subfield code='o'>2</subfield>
        <subfield code='b'>H00165051I</subfield>
        <subfield code='v'>v.262(1993:Oct.)</subfield>
      </datafield>
      <datafield ind1='9' ind2='1' tag='999'>
        <subfield code='i'>i1657273</subfield>
        <subfield code='l'>nohs</subfield>
        <subfield code='s'>-</subfield>
        <subfield code='t'>2</subfield>
        <subfield code='c'>1</subfield>
        <subfield code='o'>0</subfield>
        <subfield code='b'>H00165058P</subfield>
        <subfield code='v'>v.262(1993:Nov.)</subfield>
      </datafield>
      <datafield ind1='9' ind2='1' tag='999'>
        <subfield code='i'>i1657274</subfield>
        <subfield code='l'>nohs</subfield>
        <subfield code='s'>-</subfield>
        <subfield code='t'>2</subfield>
        <subfield code='c'>1</subfield>
        <subfield code='o'>0</subfield>
        <subfield code='b'>H00165065N</subfield>
        <subfield code='v'>v.262(1993:Dec.)</subfield>
      </datafield>
      <datafield ind1='9' ind2='1' tag='999'>
        <subfield code='i'>i1657275</subfield>
        <subfield code='l'>nohs</subfield>
        <subfield code='s'>-</subfield>
        <subfield code='t'>2</subfield>
        <subfield code='c'>1</subfield>
        <subfield code='o'>2</subfield>
        <subfield code='b'>H00179409U</subfield>
        <subfield code='v'>v.263(1994:Jan.)</subfield>
      </datafield>
      <datafield ind1='9' ind2='1' tag='999'>
        <subfield code='i'>i1657276</subfield>
        <subfield code='l'>nohs</subfield>
        <subfield code='s'>-</subfield>
        <subfield code='t'>2</subfield>
        <subfield code='c'>1</subfield>
        <subfield code='o'>1</subfield>
        <subfield code='b'>H00179410M</subfield>
        <subfield code='v'>v.263(1994:Feb.)</subfield>
      </datafield>
      <datafield ind1='9' ind2='1' tag='999'>
        <subfield code='i'>i1657277</subfield>
        <subfield code='l'>nohs</subfield>
        <subfield code='s'>-</subfield>
        <subfield code='t'>2</subfield>
        <subfield code='c'>1</subfield>
        <subfield code='o'>1</subfield>
        <subfield code='b'>H00179418U</subfield>
        <subfield code='v'>v.263(1994:Mar.)</subfield>
      </datafield>
      <datafield ind1='9' ind2='1' tag='999'>
        <subfield code='i'>i1657278</subfield>
        <subfield code='l'>nohs</subfield>
        <subfield code='s'>-</subfield>
        <subfield code='t'>2</subfield>
        <subfield code='c'>1</subfield>
        <subfield code='o'>3</subfield>
        <subfield code='b'>H00179593Y</subfield>
        <subfield code='v'>v.264(1994:Apr.)</subfield>
      </datafield>
      <datafield ind1='9' ind2='1' tag='999'>
        <subfield code='i'>i1657279</subfield>
        <subfield code='l'>nohs</subfield>
        <subfield code='s'>-</subfield>
        <subfield code='t'>2</subfield>
        <subfield code='c'>1</subfield>
        <subfield code='o'>1</subfield>
        <subfield code='b'>H00179412O</subfield>
        <subfield code='v'>v.264(1994:May)</subfield>
      </datafield>
      <datafield ind1='9' ind2='1' tag='999'>
        <subfield code='i'>i1657280</subfield>
        <subfield code='l'>nohs</subfield>
        <subfield code='s'>-</subfield>
        <subfield code='t'>2</subfield>
        <subfield code='c'>1</subfield>
        <subfield code='o'>3</subfield>
        <subfield code='b'>H00179405Q</subfield>
        <subfield code='v'>v.264(1994:June)</subfield>
      </datafield>
      <datafield ind1='9' ind2='1' tag='999'>
        <subfield code='i'>i1657281</subfield>
        <subfield code='l'>nohs</subfield>
        <subfield code='s'>-</subfield>
        <subfield code='t'>2</subfield>
        <subfield code='c'>1</subfield>
        <subfield code='o'>3</subfield>
        <subfield code='b'>H00188996+</subfield>
        <subfield code='v'>v.265(1994:July)</subfield>
      </datafield>
      <datafield ind1='9' ind2='1' tag='999'>
        <subfield code='i'>i1657282</subfield>
        <subfield code='l'>nohs</subfield>
        <subfield code='s'>-</subfield>
        <subfield code='t'>2</subfield>
        <subfield code='c'>1</subfield>
        <subfield code='o'>1</subfield>
        <subfield code='b'>H00189313P</subfield>
        <subfield code='v'>v.265(1994:Aug.)</subfield>
      </datafield>
      <datafield ind1='9' ind2='1' tag='999'>
        <subfield code='i'>i1657283</subfield>
        <subfield code='l'>nohs</subfield>
        <subfield code='s'>-</subfield>
        <subfield code='t'>2</subfield>
        <subfield code='c'>1</subfield>
        <subfield code='o'>2</subfield>
        <subfield code='b'>H00189470T</subfield>
        <subfield code='v'>v.265(1994:Sept.)</subfield>
      </datafield>
      <datafield ind1='9' ind2='1' tag='999'>
        <subfield code='i'>i1657284</subfield>
        <subfield code='l'>nohs</subfield>
        <subfield code='s'>-</subfield>
        <subfield code='t'>2</subfield>
        <subfield code='c'>1</subfield>
        <subfield code='o'>1</subfield>
        <subfield code='b'>H00188676-</subfield>
        <subfield code='v'>v.266(1994:Oct.)</subfield>
      </datafield>
      <datafield ind1='9' ind2='1' tag='999'>
        <subfield code='i'>i1657285</subfield>
        <subfield code='l'>nohs</subfield>
        <subfield code='s'>-</subfield>
        <subfield code='t'>2</subfield>
        <subfield code='c'>1</subfield>
        <subfield code='o'>1</subfield>
        <subfield code='b'>H00182866V</subfield>
        <subfield code='v'>v.266(1994:Nov.)</subfield>
      </datafield>
      <datafield ind1='9' ind2='1' tag='999'>
        <subfield code='i'>i1657286</subfield>
        <subfield code='l'>nohs</subfield>
        <subfield code='s'>-</subfield>
        <subfield code='t'>2</subfield>
        <subfield code='c'>1</subfield>
        <subfield code='o'>3</subfield>
        <subfield code='b'>H00171449Q</subfield>
        <subfield code='v'>v.266(1994:Dec.)</subfield>
      </datafield>
      <datafield ind1='9' ind2='1' tag='999'>
        <subfield code='i'>i1657287</subfield>
        <subfield code='l'>nohs</subfield>
        <subfield code='s'>-</subfield>
        <subfield code='t'>2</subfield>
        <subfield code='c'>1</subfield>
        <subfield code='o'>1</subfield>
        <subfield code='b'>H00184633P</subfield>
        <subfield code='v'>v.267(1995:Jan.)</subfield>
      </datafield>
      <datafield ind1='9' ind2='1' tag='999'>
        <subfield code='i'>i1657288</subfield>
        <subfield code='l'>nohs</subfield>
        <subfield code='s'>-</subfield>
        <subfield code='t'>2</subfield>
        <subfield code='c'>1</subfield>
        <subfield code='o'>1</subfield>
        <subfield code='b'>H00184520K</subfield>
        <subfield code='v'>v.267(1995:Feb.)</subfield>
      </datafield>
      <datafield ind1='9' ind2='1' tag='999'>
        <subfield code='i'>i1657289</subfield>
        <subfield code='l'>nohs</subfield>
        <subfield code='s'>-</subfield>
        <subfield code='t'>2</subfield>
        <subfield code='c'>1</subfield>
        <subfield code='o'>2</subfield>
        <subfield code='b'>H00184522M</subfield>
        <subfield code='v'>v.267(1995:Mar.)</subfield>
      </datafield>
      <datafield ind1='9' ind2='1' tag='999'>
        <subfield code='i'>i1657290</subfield>
        <subfield code='l'>nohs</subfield>
        <subfield code='s'>-</subfield>
        <subfield code='t'>2</subfield>
        <subfield code='c'>1</subfield>
        <subfield code='o'>5</subfield>
        <subfield code='b'>H00208393P</subfield>
        <subfield code='v'>v.268:no.5207-5210(1995:Apr.)</subfield>
      </datafield>
      <datafield ind1='9' ind2='1' tag='999'>
        <subfield code='i'>i1657291</subfield>
        <subfield code='l'>nohs</subfield>
        <subfield code='s'>-</subfield>
        <subfield code='t'>2</subfield>
        <subfield code='c'>1</subfield>
        <subfield code='o'>3</subfield>
        <subfield code='b'>H00208462M</subfield>
        <subfield code='v'>v.268:no.5211-5214(1995:May)</subfield>
      </datafield>
      <datafield ind1='9' ind2='1' tag='999'>
        <subfield code='i'>i1657292</subfield>
        <subfield code='l'>nohs</subfield>
        <subfield code='s'>-</subfield>
        <subfield code='t'>2</subfield>
        <subfield code='c'>1</subfield>
        <subfield code='o'>8</subfield>
        <subfield code='b'>H00208455O</subfield>
        <subfield code='v'>v.268:no.5215-5219(1995:June)</subfield>
      </datafield>
      <datafield ind1='9' ind2='1' tag='999'>
        <subfield code='i'>i1657293</subfield>
        <subfield code='l'>nohs</subfield>
        <subfield code='s'>-</subfield>
        <subfield code='t'>2</subfield>
        <subfield code='c'>2</subfield>
        <subfield code='o'>6</subfield>
        <subfield code='b'>H00262944R</subfield>
        <subfield code='v'>v.269:no.5220-5223(1995:July)</subfield>
      </datafield>
      <datafield ind1='9' ind2='1' tag='999'>
        <subfield code='i'>i1657294</subfield>
        <subfield code='l'>nohs</subfield>
        <subfield code='s'>-</subfield>
        <subfield code='t'>2</subfield>
        <subfield code='c'>1</subfield>
        <subfield code='o'>1</subfield>
        <subfield code='b'>H00209372N</subfield>
        <subfield code='v'>v.269:no.5224-5227(1995:Aug.)</subfield>
      </datafield>
      <datafield ind1='9' ind2='1' tag='999'>
        <subfield code='i'>i1657295</subfield>
        <subfield code='l'>nohs</subfield>
        <subfield code='s'>-</subfield>
        <subfield code='t'>2</subfield>
        <subfield code='c'>1</subfield>
        <subfield code='o'>6</subfield>
        <subfield code='b'>H00209376R</subfield>
        <subfield code='v'>v.269:no.5228-5232(1995:Sept.)</subfield>
      </datafield>
      <datafield ind1='9' ind2='1' tag='999'>
        <subfield code='i'>i1657296</subfield>
        <subfield code='l'>nohs</subfield>
        <subfield code='s'>-</subfield>
        <subfield code='t'>2</subfield>
        <subfield code='c'>1</subfield>
        <subfield code='o'>5</subfield>
        <subfield code='b'>H00208211E</subfield>
        <subfield code='v'>v.270:no.5233-5236(1995:Oct.)</subfield>
      </datafield>
      <datafield ind1='9' ind2='1' tag='999'>
        <subfield code='i'>i1657297</subfield>
        <subfield code='l'>nohs</subfield>
        <subfield code='s'>-</subfield>
        <subfield code='t'>2</subfield>
        <subfield code='c'>1</subfield>
        <subfield code='o'>4</subfield>
        <subfield code='b'>H00208448Q</subfield>
        <subfield code='v'>v.270:no.5237-5240(1995:Nov.)</subfield>
      </datafield>
      <datafield ind1='9' ind2='1' tag='999'>
        <subfield code='i'>i1657298</subfield>
        <subfield code='l'>nohs</subfield>
        <subfield code='s'>-</subfield>
        <subfield code='t'>2</subfield>
        <subfield code='c'>1</subfield>
        <subfield code='o'>3</subfield>
        <subfield code='b'>H00211802E</subfield>
        <subfield code='v'>v.270:no.5241-5244(1995:Dec.)</subfield>
      </datafield>
      <datafield ind1='9' ind2='1' tag='999'>
        <subfield code='i'>i1657299</subfield>
        <subfield code='l'>nohs</subfield>
        <subfield code='s'>-</subfield>
        <subfield code='t'>2</subfield>
        <subfield code='c'>1</subfield>
        <subfield code='o'>2</subfield>
        <subfield code='b'>H00211751H</subfield>
        <subfield code='v'>v.271:no.5245-5248(1996:Jan.)</subfield>
      </datafield>
      <datafield ind1='9' ind2='1' tag='999'>
        <subfield code='i'>i1657300</subfield>
        <subfield code='l'>nohs</subfield>
        <subfield code='s'>-</subfield>
        <subfield code='t'>2</subfield>
        <subfield code='c'>1</subfield>
        <subfield code='o'>3</subfield>
        <subfield code='b'>H00211805H</subfield>
        <subfield code='v'>v.271:no.5249-5252(1996:Feb.)</subfield>
      </datafield>
      <datafield ind1='9' ind2='1' tag='999'>
        <subfield code='i'>i1657301</subfield>
        <subfield code='l'>nohs</subfield>
        <subfield code='s'>-</subfield>
        <subfield code='t'>2</subfield>
        <subfield code='c'>1</subfield>
        <subfield code='o'>5</subfield>
        <subfield code='b'>H00211813G</subfield>
        <subfield code='v'>v.271:no.5253-5257(1996:Mar.)</subfield>
      </datafield>
      <datafield ind1='9' ind2='1' tag='999'>
        <subfield code='i'>i1657302</subfield>
        <subfield code='l'>nohs</subfield>
        <subfield code='s'>-</subfield>
        <subfield code='t'>2</subfield>
        <subfield code='c'>1</subfield>
        <subfield code='o'>3</subfield>
        <subfield code='b'>H00262985W</subfield>
        <subfield code='v'>v.272:no.5258-5261(1996:Apr.)</subfield>
      </datafield>
      <datafield ind1='9' ind2='1' tag='999'>
        <subfield code='i'>i1657303</subfield>
        <subfield code='l'>nohs</subfield>
        <subfield code='s'>-</subfield>
        <subfield code='t'>2</subfield>
        <subfield code='c'>1</subfield>
        <subfield code='o'>7</subfield>
        <subfield code='b'>H00262989-</subfield>
        <subfield code='v'>v.272:no.5262-5266(1996:May)</subfield>
      </datafield>
      <datafield ind1='9' ind2='1' tag='999'>
        <subfield code='i'>i1657304</subfield>
        <subfield code='l'>nohs</subfield>
        <subfield code='s'>-</subfield>
        <subfield code='t'>2</subfield>
        <subfield code='c'>1</subfield>
        <subfield code='o'>2</subfield>
        <subfield code='b'>H00214263I</subfield>
        <subfield code='v'>v.272:no.5267-5270(1996:June)</subfield>
      </datafield>
      <datafield ind1='9' ind2='1' tag='999'>
        <subfield code='i'>i1657305</subfield>
        <subfield code='l'>nohs</subfield>
        <subfield code='s'>-</subfield>
        <subfield code='t'>2</subfield>
        <subfield code='c'>1</subfield>
        <subfield code='o'>4</subfield>
        <subfield code='b'>H00409524O</subfield>
        <subfield code='v'>v.273:no.5271-5274(1996:July)</subfield>
      </datafield>
      <datafield ind1='9' ind2='1' tag='999'>
        <subfield code='i'>i1657306</subfield>
        <subfield code='l'>nohs</subfield>
        <subfield code='s'>-</subfield>
        <subfield code='t'>2</subfield>
        <subfield code='c'>1</subfield>
        <subfield code='o'>1</subfield>
        <subfield code='b'>H00197821S</subfield>
        <subfield code='v'>v.273:no.5275-5279(1996:Aug.)</subfield>
      </datafield>
      <datafield ind1='9' ind2='1' tag='999'>
        <subfield code='i'>i1657307</subfield>
        <subfield code='l'>nohs</subfield>
        <subfield code='s'>-</subfield>
        <subfield code='t'>2</subfield>
        <subfield code='c'>1</subfield>
        <subfield code='o'>3</subfield>
        <subfield code='b'>H00197766-</subfield>
        <subfield code='v'>v.273:no.5280-5283(1996:Sept.)</subfield>
      </datafield>
      <datafield ind1='9' ind2='1' tag='999'>
        <subfield code='i'>i1657308</subfield>
        <subfield code='l'>nohs</subfield>
        <subfield code='s'>-</subfield>
        <subfield code='t'>2</subfield>
        <subfield code='c'>1</subfield>
        <subfield code='o'>1</subfield>
        <subfield code='b'>H00196235Q</subfield>
        <subfield code='v'>v.274:no.5284-5287(1996:Oct.)</subfield>
      </datafield>
      <datafield ind1='9' ind2='1' tag='999'>
        <subfield code='i'>i1657309</subfield>
        <subfield code='l'>nohs</subfield>
        <subfield code='s'>-</subfield>
        <subfield code='t'>2</subfield>
        <subfield code='c'>1</subfield>
        <subfield code='o'>4</subfield>
        <subfield code='b'>H00196638X</subfield>
        <subfield code='v'>v.274:no.5288-5292(1996:Nov.)</subfield>
      </datafield>
      <datafield ind1='9' ind2='1' tag='999'>
        <subfield code='i'>i1657310</subfield>
        <subfield code='l'>nohs</subfield>
        <subfield code='s'>-</subfield>
        <subfield code='t'>2</subfield>
        <subfield code='c'>1</subfield>
        <subfield code='o'>0</subfield>
        <subfield code='b'>H00202654J</subfield>
        <subfield code='v'>v.274:no.5293-5295(1996:Dec.)</subfield>
      </datafield>
      <datafield ind1='9' ind2='1' tag='999'>
        <subfield code='i'>i1657311</subfield>
        <subfield code='l'>nohs</subfield>
        <subfield code='s'>-</subfield>
        <subfield code='t'>2</subfield>
        <subfield code='c'>1</subfield>
        <subfield code='o'>3</subfield>
        <subfield code='b'>H00202626I</subfield>
        <subfield code='v'>v.275:no.5296-5300(1997:Jan.)</subfield>
      </datafield>
      <datafield ind1='9' ind2='1' tag='999'>
        <subfield code='i'>i1657312</subfield>
        <subfield code='l'>nohs</subfield>
        <subfield code='s'>-</subfield>
        <subfield code='t'>2</subfield>
        <subfield code='c'>1</subfield>
        <subfield code='o'>1</subfield>
        <subfield code='b'>H00202821F</subfield>
        <subfield code='v'>v.275:no.5301-5304(1997:Feb.)</subfield>
      </datafield>
      <datafield ind1='9' ind2='1' tag='999'>
        <subfield code='i'>i1657313</subfield>
        <subfield code='l'>nohs</subfield>
        <subfield code='s'>-</subfield>
        <subfield code='t'>2</subfield>
        <subfield code='c'>1</subfield>
        <subfield code='o'>2</subfield>
        <subfield code='b'>H00205109H</subfield>
        <subfield code='v'>v.275:no.5305-5308(1997:Mar.)</subfield>
      </datafield>
      <datafield ind1='9' ind2='1' tag='999'>
        <subfield code='i'>i1657314</subfield>
        <subfield code='l'>nohs</subfield>
        <subfield code='s'>-</subfield>
        <subfield code='t'>2</subfield>
        <subfield code='c'>1</subfield>
        <subfield code='o'>1</subfield>
        <subfield code='b'>H00205088N</subfield>
        <subfield code='v'>v.276:no.5309-5312(1997:Apr.)</subfield>
      </datafield>
      <datafield ind1='9' ind2='1' tag='999'>
        <subfield code='i'>i1657315</subfield>
        <subfield code='l'>nohs</subfield>
        <subfield code='s'>-</subfield>
        <subfield code='t'>2</subfield>
        <subfield code='c'>1</subfield>
        <subfield code='o'>1</subfield>
        <subfield code='b'>H00232910H</subfield>
        <subfield code='v'>v.276:no.5313-5317(1997:May)</subfield>
      </datafield>
      <datafield ind1='9' ind2='1' tag='999'>
        <subfield code='i'>i1657316</subfield>
        <subfield code='l'>nohs</subfield>
        <subfield code='s'>-</subfield>
        <subfield code='t'>2</subfield>
        <subfield code='c'>1</subfield>
        <subfield code='o'>2</subfield>
        <subfield code='b'>H00233699W</subfield>
        <subfield code='v'>v.276:no.5318-5321(1997:June)</subfield>
      </datafield>
      <datafield ind1='9' ind2='1' tag='999'>
        <subfield code='i'>i1657317</subfield>
        <subfield code='l'>nohs</subfield>
        <subfield code='s'>-</subfield>
        <subfield code='t'>2</subfield>
        <subfield code='c'>1</subfield>
        <subfield code='o'>2</subfield>
        <subfield code='b'>H00234872Q</subfield>
        <subfield code='v'>v.277:no.5322-5325(1997:July)</subfield>
      </datafield>
      <datafield ind1='9' ind2='1' tag='999'>
        <subfield code='i'>i1657318</subfield>
        <subfield code='l'>nohs</subfield>
        <subfield code='s'>-</subfield>
        <subfield code='t'>2</subfield>
        <subfield code='c'>1</subfield>
        <subfield code='o'>2</subfield>
        <subfield code='b'>H00234055J</subfield>
        <subfield code='v'>v.277:no.5326-5330(1997:Aug.)</subfield>
      </datafield>
      <datafield ind1='9' ind2='1' tag='999'>
        <subfield code='i'>i1657319</subfield>
        <subfield code='l'>nohs</subfield>
        <subfield code='s'>-</subfield>
        <subfield code='t'>2</subfield>
        <subfield code='c'>1</subfield>
        <subfield code='o'>1</subfield>
        <subfield code='b'>H00233853O</subfield>
        <subfield code='v'>v.277:no.5331-5334(1997:Sept.)</subfield>
      </datafield>
      <datafield ind1='9' ind2='1' tag='999'>
        <subfield code='i'>i1657320</subfield>
        <subfield code='l'>nohs</subfield>
        <subfield code='s'>-</subfield>
        <subfield code='t'>2</subfield>
        <subfield code='c'>1</subfield>
        <subfield code='o'>4</subfield>
        <subfield code='b'>H00240914K</subfield>
        <subfield code='v'>v.278:no.5335-5339(1997:Oct.)</subfield>
      </datafield>
      <datafield ind1='9' ind2='1' tag='999'>
        <subfield code='i'>i1657321</subfield>
        <subfield code='l'>nohs</subfield>
        <subfield code='s'>-</subfield>
        <subfield code='t'>2</subfield>
        <subfield code='c'>1</subfield>
        <subfield code='o'>3</subfield>
        <subfield code='b'>H00240703G</subfield>
        <subfield code='v'>v.278:no.5340-5343(1997:Nov.)</subfield>
      </datafield>
      <datafield ind1='9' ind2='1' tag='999'>
        <subfield code='i'>i1657322</subfield>
        <subfield code='l'>nohs</subfield>
        <subfield code='s'>-</subfield>
        <subfield code='t'>2</subfield>
        <subfield code='c'>1</subfield>
        <subfield code='o'>2</subfield>
        <subfield code='b'>H00240369O</subfield>
        <subfield code='v'>v.278:no.5344-5346(1997:Dec.)</subfield>
      </datafield>
      <datafield ind1='9' ind2='1' tag='999'>
        <subfield code='i'>i1657323</subfield>
        <subfield code='l'>nohs</subfield>
        <subfield code='s'>-</subfield>
        <subfield code='t'>2</subfield>
        <subfield code='c'>1</subfield>
        <subfield code='o'>2</subfield>
        <subfield code='b'>H00240377N</subfield>
        <subfield code='v'>v.279:no.5347-5351(1998:Jan.)</subfield>
      </datafield>
      <datafield ind1='9' ind2='1' tag='999'>
        <subfield code='i'>i1657324</subfield>
        <subfield code='l'>nohs</subfield>
        <subfield code='s'>-</subfield>
        <subfield code='t'>2</subfield>
        <subfield code='c'>1</subfield>
        <subfield code='o'>2</subfield>
        <subfield code='b'>H00218953S</subfield>
        <subfield code='v'>v.279:no.5352-5355(1998:Feb.)</subfield>
      </datafield>
      <datafield ind1='9' ind2='1' tag='999'>
        <subfield code='i'>i1657325</subfield>
        <subfield code='l'>nohs</subfield>
        <subfield code='s'>-</subfield>
        <subfield code='t'>2</subfield>
        <subfield code='c'>1</subfield>
        <subfield code='o'>3</subfield>
        <subfield code='b'>H00218988-</subfield>
        <subfield code='v'>v.279:no.5356-5359(1998:Mar.)</subfield>
      </datafield>
      <datafield ind1='9' ind2='1' tag='999'>
        <subfield code='i'>i1657326</subfield>
        <subfield code='l'>nohs</subfield>
        <subfield code='s'>-</subfield>
        <subfield code='t'>2</subfield>
        <subfield code='c'>1</subfield>
        <subfield code='o'>2</subfield>
        <subfield code='b'>H00218566S</subfield>
        <subfield code='v'>v.280:no.5360-5363(1998:Apr.)</subfield>
      </datafield>
      <datafield ind1='9' ind2='1' tag='999'>
        <subfield code='i'>i1657327</subfield>
        <subfield code='l'>nohs</subfield>
        <subfield code='s'>-</subfield>
        <subfield code='t'>2</subfield>
        <subfield code='c'>1</subfield>
        <subfield code='o'>2</subfield>
        <subfield code='b'>H00218580O</subfield>
        <subfield code='v'>v.280:no.5364-5368(1998:May)</subfield>
      </datafield>
      <datafield ind1='9' ind2='1' tag='999'>
        <subfield code='i'>i1657328</subfield>
        <subfield code='l'>nohs</subfield>
        <subfield code='s'>-</subfield>
        <subfield code='t'>2</subfield>
        <subfield code='c'>1</subfield>
        <subfield code='o'>1</subfield>
        <subfield code='b'>H00219911N</subfield>
        <subfield code='v'>v.280:no.5369-5372(1998:June)</subfield>
      </datafield>
      <datafield ind1='9' ind2='1' tag='999'>
        <subfield code='i'>i1657329</subfield>
        <subfield code='l'>nohs</subfield>
        <subfield code='s'>-</subfield>
        <subfield code='t'>2</subfield>
        <subfield code='c'>1</subfield>
        <subfield code='o'>1</subfield>
        <subfield code='b'>H00219948X</subfield>
        <subfield code='v'>v.281:no.5373-5377(1998:July)</subfield>
      </datafield>
      <datafield ind1='9' ind2='1' tag='999'>
        <subfield code='i'>i1657330</subfield>
        <subfield code='l'>nohs</subfield>
        <subfield code='s'>-</subfield>
        <subfield code='t'>2</subfield>
        <subfield code='c'>1</subfield>
        <subfield code='o'>2</subfield>
        <subfield code='b'>H00221650G</subfield>
        <subfield code='v'>v.281:no.5378-5381(1998:Aug.)</subfield>
      </datafield>
      <datafield ind1='9' ind2='1' tag='999'>
        <subfield code='i'>i1657331</subfield>
        <subfield code='l'>nohs</subfield>
        <subfield code='s'>-</subfield>
        <subfield code='t'>2</subfield>
        <subfield code='c'>1</subfield>
        <subfield code='o'>3</subfield>
        <subfield code='b'>H00221961L</subfield>
        <subfield code='v'>v.281:no.5382-5385(1998:Sept.)</subfield>
      </datafield>
      <datafield ind1='9' ind2='1' tag='999'>
        <subfield code='i'>i1657332</subfield>
        <subfield code='l'>nohs</subfield>
        <subfield code='s'>-</subfield>
        <subfield code='t'>2</subfield>
        <subfield code='c'>1</subfield>
        <subfield code='o'>2</subfield>
        <subfield code='b'>H00221897T</subfield>
        <subfield code='v'>v.282:no.5386-5390(1998:Oct.)</subfield>
      </datafield>
      <datafield ind1='9' ind2='1' tag='999'>
        <subfield code='i'>i1657333</subfield>
        <subfield code='l'>nohs</subfield>
        <subfield code='s'>-</subfield>
        <subfield code='t'>2</subfield>
        <subfield code='c'>1</subfield>
        <subfield code='o'>3</subfield>
        <subfield code='b'>H00221902G</subfield>
        <subfield code='v'>v.282:no.5391-5394(1998:Nov.)</subfield>
      </datafield>
      <datafield ind1='9' ind2='1' tag='999'>
        <subfield code='i'>i1657334</subfield>
        <subfield code='l'>nohs</subfield>
        <subfield code='s'>-</subfield>
        <subfield code='t'>2</subfield>
        <subfield code='c'>1</subfield>
        <subfield code='o'>2</subfield>
        <subfield code='b'>H00223518L</subfield>
        <subfield code='v'>v.282:no.5395-5397(1998:Dec.)</subfield>
      </datafield>
      <datafield ind1='9' ind2='1' tag='999'>
        <subfield code='i'>i1657335</subfield>
        <subfield code='l'>nohs</subfield>
        <subfield code='s'>-</subfield>
        <subfield code='t'>2</subfield>
        <subfield code='c'>1</subfield>
        <subfield code='o'>4</subfield>
        <subfield code='b'>H00225189R</subfield>
        <subfield code='v'>v.283:no.5398-5402(1999:Jan.)</subfield>
      </datafield>
      <datafield ind1='9' ind2='1' tag='999'>
        <subfield code='i'>i1657336</subfield>
        <subfield code='l'>nohs</subfield>
        <subfield code='s'>-</subfield>
        <subfield code='t'>2</subfield>
        <subfield code='c'>1</subfield>
        <subfield code='o'>2</subfield>
        <subfield code='b'>H00225203E</subfield>
        <subfield code='v'>v.283:no.5403-5406(1999:Feb.)</subfield>
      </datafield>
      <datafield ind1='9' ind2='1' tag='999'>
        <subfield code='i'>i1657337</subfield>
        <subfield code='l'>nohs</subfield>
        <subfield code='s'>-</subfield>
        <subfield code='t'>2</subfield>
        <subfield code='c'>1</subfield>
        <subfield code='o'>3</subfield>
        <subfield code='b'>H00225182K</subfield>
        <subfield code='v'>v.283:no.5407-5410(1999:Mar.)</subfield>
      </datafield>
      <datafield ind1='9' ind2='1' tag='999'>
        <subfield code='i'>i1657338</subfield>
        <subfield code='l'>nohs</subfield>
        <subfield code='s'>-</subfield>
        <subfield code='t'>2</subfield>
        <subfield code='c'>1</subfield>
        <subfield code='o'>3</subfield>
        <subfield code='b'>H00225387R</subfield>
        <subfield code='v'>v.284:no.5411-5415(1999:Apr.)</subfield>
      </datafield>
      <datafield ind1='9' ind2='1' tag='999'>
        <subfield code='i'>i1657339</subfield>
        <subfield code='l'>nohs</subfield>
        <subfield code='s'>-</subfield>
        <subfield code='t'>2</subfield>
        <subfield code='c'>1</subfield>
        <subfield code='o'>2</subfield>
        <subfield code='b'>H00225345L</subfield>
        <subfield code='v'>v.284:no.5416-5419(1999:May)</subfield>
      </datafield>
      <datafield ind1='9' ind2='1' tag='999'>
        <subfield code='i'>i1657340</subfield>
        <subfield code='l'>nohs</subfield>
        <subfield code='s'>-</subfield>
        <subfield code='t'>2</subfield>
        <subfield code='c'>1</subfield>
        <subfield code='o'>1</subfield>
        <subfield code='b'>H00230322C</subfield>
        <subfield code='v'>v.284:no.5420-5423(1999:June)</subfield>
      </datafield>
      <datafield ind1='9' ind2='1' tag='999'>
        <subfield code='i'>i1657341</subfield>
        <subfield code='l'>nohs</subfield>
        <subfield code='s'>-</subfield>
        <subfield code='t'>2</subfield>
        <subfield code='c'>1</subfield>
        <subfield code='o'>4</subfield>
        <subfield code='b'>H00230273H</subfield>
        <subfield code='v'>v.285:no.5424-5427(1999:July)</subfield>
      </datafield>
      <datafield ind1='9' ind2='1' tag='999'>
        <subfield code='i'>i1657342</subfield>
        <subfield code='l'>nohs</subfield>
        <subfield code='s'>-</subfield>
        <subfield code='t'>2</subfield>
        <subfield code='c'>1</subfield>
        <subfield code='o'>3</subfield>
        <subfield code='b'>H00232561J</subfield>
        <subfield code='v'>v.285:no.5428-5432(1999:Aug.)</subfield>
      </datafield>
      <datafield ind1='9' ind2='1' tag='999'>
        <subfield code='i'>i1657343</subfield>
        <subfield code='l'>nohs</subfield>
        <subfield code='s'>-</subfield>
        <subfield code='t'>2</subfield>
        <subfield code='c'>1</subfield>
        <subfield code='o'>2</subfield>
        <subfield code='b'>H00231881N</subfield>
        <subfield code='v'>v.285:no.5433-5436(1999:Sept.)</subfield>
      </datafield>
      <datafield ind1='9' ind2='1' tag='999'>
        <subfield code='i'>i1657344</subfield>
        <subfield code='l'>nohs</subfield>
        <subfield code='s'>-</subfield>
        <subfield code='t'>2</subfield>
        <subfield code='c'>1</subfield>
        <subfield code='o'>1</subfield>
        <subfield code='b'>H00231793P</subfield>
        <subfield code='v'>v.286:no.5437-5441(1999:Oct.)</subfield>
      </datafield>
      <datafield ind1='9' ind2='1' tag='999'>
        <subfield code='i'>i1657345</subfield>
        <subfield code='l'>nohs</subfield>
        <subfield code='s'>-</subfield>
        <subfield code='t'>2</subfield>
        <subfield code='c'>1</subfield>
        <subfield code='o'>2</subfield>
        <subfield code='b'>H00242351H</subfield>
        <subfield code='v'>v.286:no.5442-5445(1999:Nov.)</subfield>
      </datafield>
      <datafield ind1='9' ind2='1' tag='999'>
        <subfield code='i'>i1657346</subfield>
        <subfield code='l'>nohs</subfield>
        <subfield code='s'>-</subfield>
        <subfield code='t'>2</subfield>
        <subfield code='c'>1</subfield>
        <subfield code='o'>1</subfield>
        <subfield code='b'>H00242331F</subfield>
        <subfield code='v'>v.286:no.5446-5449(1999:Dec.)</subfield>
      </datafield>
      <datafield ind1='9' ind2='1' tag='999'>
        <subfield code='i'>i1657347</subfield>
        <subfield code='l'>nohs</subfield>
        <subfield code='s'>-</subfield>
        <subfield code='t'>2</subfield>
        <subfield code='c'>1</subfield>
        <subfield code='o'>1</subfield>
        <subfield code='b'>H00242377P</subfield>
        <subfield code='v'>v.287:no.5450-5453(2000:Jan.)</subfield>
      </datafield>
      <datafield ind1='9' ind2='1' tag='999'>
        <subfield code='i'>i1657348</subfield>
        <subfield code='l'>nohs</subfield>
        <subfield code='s'>-</subfield>
        <subfield code='t'>2</subfield>
        <subfield code='c'>1</subfield>
        <subfield code='o'>2</subfield>
        <subfield code='b'>H00242342H</subfield>
        <subfield code='v'>v.287:no.5454-5457(2000:Feb.)</subfield>
      </datafield>
      <datafield ind1='9' ind2='1' tag='999'>
        <subfield code='i'>i1657349</subfield>
        <subfield code='l'>nohs</subfield>
        <subfield code='s'>-</subfield>
        <subfield code='t'>2</subfield>
        <subfield code='c'>1</subfield>
        <subfield code='o'>2</subfield>
        <subfield code='b'>H00242349O</subfield>
        <subfield code='v'>v.287:no.5458-5462(2000:Mar.)</subfield>
      </datafield>
      <datafield ind1='9' ind2='1' tag='999'>
        <subfield code='i'>i1657350</subfield>
        <subfield code='l'>nohs</subfield>
        <subfield code='s'>-</subfield>
        <subfield code='t'>2</subfield>
        <subfield code='c'>1</subfield>
        <subfield code='o'>1</subfield>
        <subfield code='b'>H00242177N</subfield>
        <subfield code='v'>v.288:no.5463-5466(2000:Apr.)</subfield>
      </datafield>
      <datafield ind1='9' ind2='1' tag='999'>
        <subfield code='i'>i1657351</subfield>
        <subfield code='l'>nohs</subfield>
        <subfield code='s'>-</subfield>
        <subfield code='t'>2</subfield>
        <subfield code='c'>1</subfield>
        <subfield code='o'>1</subfield>
        <subfield code='b'>H00243407K</subfield>
        <subfield code='v'>v.288:no.5467-5470(2000:May)</subfield>
      </datafield>
      <datafield ind1='9' ind2='1' tag='999'>
        <subfield code='i'>i1657352</subfield>
        <subfield code='l'>nohs</subfield>
        <subfield code='s'>-</subfield>
        <subfield code='t'>2</subfield>
        <subfield code='c'>1</subfield>
        <subfield code='o'>1</subfield>
        <subfield code='b'>H00243322G</subfield>
        <subfield code='v'>v.288:no.5471-5475(2000:June)</subfield>
      </datafield>
      <datafield ind1='9' ind2='1' tag='999'>
        <subfield code='i'>i1657353</subfield>
        <subfield code='l'>nohs</subfield>
        <subfield code='s'>-</subfield>
        <subfield code='t'>2</subfield>
        <subfield code='c'>1</subfield>
        <subfield code='o'>2</subfield>
        <subfield code='b'>H00245194P</subfield>
        <subfield code='v'>v.289:no.5476-5479(2000:July)</subfield>
      </datafield>
      <datafield ind1='9' ind2='1' tag='999'>
        <subfield code='i'>i1657354</subfield>
        <subfield code='l'>nohs</subfield>
        <subfield code='s'>-</subfield>
        <subfield code='t'>2</subfield>
        <subfield code='c'>1</subfield>
        <subfield code='o'>1</subfield>
        <subfield code='b'>H00245229O</subfield>
        <subfield code='v'>v.289:no.5480-5483(2000:Aug.)</subfield>
      </datafield>
      <datafield ind1='9' ind2='1' tag='999'>
        <subfield code='i'>i1657355</subfield>
        <subfield code='l'>nohs</subfield>
        <subfield code='s'>-</subfield>
        <subfield code='t'>2</subfield>
        <subfield code='c'>1</subfield>
        <subfield code='o'>1</subfield>
        <subfield code='b'>H00247261M</subfield>
        <subfield code='v'>v.289:no.5484-5488(2000:Sept.)</subfield>
      </datafield>
      <datafield ind1='9' ind2='1' tag='999'>
        <subfield code='i'>i1657356</subfield>
        <subfield code='l'>nohs</subfield>
        <subfield code='s'>-</subfield>
        <subfield code='t'>2</subfield>
        <subfield code='c'>1</subfield>
        <subfield code='o'>1</subfield>
        <subfield code='b'>H00247447S</subfield>
        <subfield code='v'>v.290:no.5489-5492(2000:Oct.)</subfield>
      </datafield>
      <datafield ind1='9' ind2='1' tag='999'>
        <subfield code='i'>i1657357</subfield>
        <subfield code='l'>nohs</subfield>
        <subfield code='s'>-</subfield>
        <subfield code='t'>2</subfield>
        <subfield code='c'>1</subfield>
        <subfield code='o'>2</subfield>
        <subfield code='b'>H00247910N</subfield>
        <subfield code='v'>v.290:no.5493-5496(2000:Nov.)</subfield>
      </datafield>
      <datafield ind1='9' ind2='1' tag='999'>
        <subfield code='i'>i1657358</subfield>
        <subfield code='l'>nohs</subfield>
        <subfield code='s'>-</subfield>
        <subfield code='t'>2</subfield>
        <subfield code='c'>1</subfield>
        <subfield code='o'>1</subfield>
        <subfield code='b'>H00247899$</subfield>
        <subfield code='v'>v.290:no.5497-5500(2000:Dec.)</subfield>
      </datafield>
      <datafield ind1='9' ind2='1' tag='999'>
        <subfield code='i'>i1657359</subfield>
        <subfield code='l'>nohs</subfield>
        <subfield code='s'>-</subfield>
        <subfield code='t'>2</subfield>
        <subfield code='c'>1</subfield>
        <subfield code='o'>1</subfield>
        <subfield code='b'>H00251088O</subfield>
        <subfield code='v'>v.291:no.5501-5504(2001:Jan.)</subfield>
      </datafield>
      <datafield ind1='9' ind2='1' tag='999'>
        <subfield code='i'>i1657360</subfield>
        <subfield code='l'>nohs</subfield>
        <subfield code='s'>-</subfield>
        <subfield code='t'>2</subfield>
        <subfield code='c'>1</subfield>
        <subfield code='o'>1</subfield>
        <subfield code='b'>H00251087N</subfield>
        <subfield code='v'>v.291:no.5505-5508(2001:Feb.)</subfield>
      </datafield>
      <datafield ind1='9' ind2='1' tag='999'>
        <subfield code='i'>i1657361</subfield>
        <subfield code='l'>nohs</subfield>
        <subfield code='s'>-</subfield>
        <subfield code='t'>2</subfield>
        <subfield code='c'>1</subfield>
        <subfield code='o'>1</subfield>
        <subfield code='b'>H00251074J</subfield>
        <subfield code='v'>v.291:no.5509-5513(2001:Mar.)</subfield>
      </datafield>
      <datafield ind1='9' ind2='1' tag='999'>
        <subfield code='i'>i1657362</subfield>
        <subfield code='l'>nohs</subfield>
        <subfield code='s'>-</subfield>
        <subfield code='t'>2</subfield>
        <subfield code='c'>1</subfield>
        <subfield code='o'>1</subfield>
        <subfield code='b'>H00251103C</subfield>
        <subfield code='v'>v.292:no.5514-5517(2001:Apr.)</subfield>
      </datafield>
      <datafield ind1='9' ind2='1' tag='999'>
        <subfield code='i'>i1657363</subfield>
        <subfield code='l'>nohs</subfield>
        <subfield code='s'>-</subfield>
        <subfield code='t'>2</subfield>
        <subfield code='c'>1</subfield>
        <subfield code='o'>2</subfield>
        <subfield code='b'>H00251120B</subfield>
        <subfield code='v'>v.292:no.5518-5521(2001:May)</subfield>
      </datafield>
      <datafield ind1='9' ind2='1' tag='999'>
        <subfield code='i'>i1657364</subfield>
        <subfield code='l'>nohs</subfield>
        <subfield code='s'>-</subfield>
        <subfield code='t'>2</subfield>
        <subfield code='c'>1</subfield>
        <subfield code='o'>2</subfield>
        <subfield code='b'>H00251091I</subfield>
        <subfield code='v'>v.292:no.5522-5526(2001:June)</subfield>
      </datafield>
      <datafield ind1='9' ind2='1' tag='999'>
        <subfield code='i'>i1657365</subfield>
        <subfield code='l'>nohs</subfield>
        <subfield code='s'>-</subfield>
        <subfield code='t'>2</subfield>
        <subfield code='c'>1</subfield>
        <subfield code='o'>1</subfield>
        <subfield code='b'>H00254273N</subfield>
        <subfield code='v'>v.293:no.5527-5530(2001:July)</subfield>
      </datafield>
      <datafield ind1='9' ind2='1' tag='999'>
        <subfield code='i'>i1657366</subfield>
        <subfield code='l'>nohs</subfield>
        <subfield code='s'>-</subfield>
        <subfield code='t'>2</subfield>
        <subfield code='c'>1</subfield>
        <subfield code='o'>1</subfield>
        <subfield code='b'>H00254289U</subfield>
        <subfield code='v'>v.293:no.5531-5535(2001:Aug.)</subfield>
      </datafield>
      <datafield ind1='9' ind2='1' tag='999'>
        <subfield code='i'>i1657367</subfield>
        <subfield code='l'>nohs</subfield>
        <subfield code='s'>-</subfield>
        <subfield code='t'>2</subfield>
        <subfield code='c'>1</subfield>
        <subfield code='o'>1</subfield>
        <subfield code='b'>H00254601I</subfield>
        <subfield code='v'>v.293:no.5536-5539(2001:Sept.)</subfield>
      </datafield>
      <datafield ind1='9' ind2='1' tag='999'>
        <subfield code='i'>i1657368</subfield>
        <subfield code='l'>nohs</subfield>
        <subfield code='s'>-</subfield>
        <subfield code='t'>2</subfield>
        <subfield code='c'>1</subfield>
        <subfield code='o'>1</subfield>
        <subfield code='b'>H00256108M</subfield>
        <subfield code='v'>v.294:no.5540-5543(2001:Oct.)</subfield>
      </datafield>
      <datafield ind1='9' ind2='1' tag='999'>
        <subfield code='i'>i1657369</subfield>
        <subfield code='l'>nohs</subfield>
        <subfield code='s'>-</subfield>
        <subfield code='t'>2</subfield>
        <subfield code='c'>1</subfield>
        <subfield code='o'>1</subfield>
        <subfield code='b'>H00256087S</subfield>
        <subfield code='v'>v.294:no.5544-5548(2001:Nov.)</subfield>
      </datafield>
      <datafield ind1='9' ind2='1' tag='999'>
        <subfield code='i'>i1657370</subfield>
        <subfield code='l'>nohs</subfield>
        <subfield code='s'>-</subfield>
        <subfield code='t'>2</subfield>
        <subfield code='c'>1</subfield>
        <subfield code='o'>1</subfield>
        <subfield code='b'>H00257871U</subfield>
        <subfield code='v'>v.294:no.5549-5551(2001:Dec.)</subfield>
      </datafield>
      <datafield ind1='9' ind2='1' tag='999'>
        <subfield code='i'>i1657371</subfield>
        <subfield code='l'>nohs</subfield>
        <subfield code='s'>-</subfield>
        <subfield code='t'>2</subfield>
        <subfield code='c'>1</subfield>
        <subfield code='o'>1</subfield>
        <subfield code='b'>H00256825S</subfield>
        <subfield code='v'>v.295:no.5552-5555(2002:Jan.)</subfield>
      </datafield>
      <datafield ind1='9' ind2='1' tag='999'>
        <subfield code='i'>i1657372</subfield>
        <subfield code='l'>nohs</subfield>
        <subfield code='s'>-</subfield>
        <subfield code='t'>2</subfield>
        <subfield code='c'>1</subfield>
        <subfield code='o'>2</subfield>
        <subfield code='b'>H00256919W</subfield>
        <subfield code='v'>v.295:no.5556-5559(2002:Feb.)</subfield>
      </datafield>
      <datafield ind1='9' ind2='1' tag='999'>
        <subfield code='i'>i1657373</subfield>
        <subfield code='l'>nohs</subfield>
        <subfield code='s'>-</subfield>
        <subfield code='t'>2</subfield>
        <subfield code='c'>1</subfield>
        <subfield code='o'>1</subfield>
        <subfield code='b'>H00257365S</subfield>
        <subfield code='v'>v.295:no.5560-5564(2002:Mar.)</subfield>
      </datafield>
      <datafield ind1='9' ind2='1' tag='999'>
        <subfield code='i'>i1657374</subfield>
        <subfield code='l'>nohs</subfield>
        <subfield code='s'>-</subfield>
        <subfield code='t'>2</subfield>
        <subfield code='c'>1</subfield>
        <subfield code='o'>1</subfield>
        <subfield code='b'>H00262318M</subfield>
        <subfield code='v'>v.296:no.5565-5568(2002:Apr.)</subfield>
      </datafield>
      <datafield ind1='9' ind2='1' tag='999'>
        <subfield code='i'>i1993520</subfield>
        <subfield code='l'>nohs</subfield>
        <subfield code='s'>-</subfield>
        <subfield code='t'>2</subfield>
        <subfield code='c'>1</subfield>
        <subfield code='o'>1</subfield>
        <subfield code='b'>H00262304H</subfield>
        <subfield code='v'>v.296:no.5569-5573(2002:May)</subfield>
      </datafield>
      <datafield ind1='9' ind2='1' tag='999'>
        <subfield code='i'>i1993521</subfield>
        <subfield code='l'>nohs</subfield>
        <subfield code='s'>-</subfield>
        <subfield code='t'>2</subfield>
        <subfield code='c'>1</subfield>
        <subfield code='o'>1</subfield>
        <subfield code='b'>H00262297S</subfield>
        <subfield code='v'>v.296:no.5574-5577(2002:June)</subfield>
      </datafield>
      <datafield ind1='9' ind2='1' tag='999'>
        <subfield code='i'>i1993522</subfield>
        <subfield code='l'>nohs</subfield>
        <subfield code='s'>-</subfield>
        <subfield code='t'>2</subfield>
        <subfield code='c'>1</subfield>
        <subfield code='o'>1</subfield>
        <subfield code='b'>H00266017M</subfield>
        <subfield code='v'>v.297:no.5578-5581(2002:July)</subfield>
      </datafield>
      <datafield ind1='9' ind2='1' tag='999'>
        <subfield code='i'>i1993523</subfield>
        <subfield code='l'>nohs</subfield>
        <subfield code='s'>-</subfield>
        <subfield code='t'>2</subfield>
        <subfield code='c'>1</subfield>
        <subfield code='o'>1</subfield>
        <subfield code='b'>H00266108N</subfield>
        <subfield code='v'>v.297:no.5582-5586(2002:Aug.)</subfield>
      </datafield>
      <datafield ind1='9' ind2='1' tag='999'>
        <subfield code='i'>i1993524</subfield>
        <subfield code='l'>nohs</subfield>
        <subfield code='s'>-</subfield>
        <subfield code='t'>2</subfield>
        <subfield code='c'>1</subfield>
        <subfield code='o'>1</subfield>
        <subfield code='b'>H00266077S</subfield>
        <subfield code='v'>v.297:no.5587-5590(2002:Sept.)</subfield>
      </datafield>
      <datafield ind1='9' ind2='1' tag='999'>
        <subfield code='i'>i1993525</subfield>
        <subfield code='l'>nohs</subfield>
        <subfield code='s'>-</subfield>
        <subfield code='t'>2</subfield>
        <subfield code='c'>1</subfield>
        <subfield code='o'>1</subfield>
        <subfield code='b'>H00266432N</subfield>
        <subfield code='v'>v.298:no.5591-5594(2002:Oct.)</subfield>
      </datafield>
      <datafield ind1='9' ind2='1' tag='999'>
        <subfield code='i'>i1993526</subfield>
        <subfield code='l'>nohs</subfield>
        <subfield code='s'>-</subfield>
        <subfield code='t'>2</subfield>
        <subfield code='c'>1</subfield>
        <subfield code='o'>1</subfield>
        <subfield code='b'>H00266513N</subfield>
        <subfield code='v'>v.298:no.5595-5599(2002:Nov.)</subfield>
      </datafield>
      <datafield ind1='9' ind2='1' tag='999'>
        <subfield code='i'>i1993527</subfield>
        <subfield code='l'>nohs</subfield>
        <subfield code='s'>-</subfield>
        <subfield code='t'>2</subfield>
        <subfield code='c'>1</subfield>
        <subfield code='o'>1</subfield>
        <subfield code='b'>H00266425P</subfield>
        <subfield code='v'>v.298:no.5600-5602(2002:Dec.)</subfield>
      </datafield>
      <datafield ind1='9' ind2='1' tag='999'>
        <subfield code='i'>i1993528</subfield>
        <subfield code='l'>nohs</subfield>
        <subfield code='s'>-</subfield>
        <subfield code='t'>2</subfield>
        <subfield code='c'>1</subfield>
        <subfield code='o'>1</subfield>
        <subfield code='b'>H00269861W</subfield>
        <subfield code='v'>v.299:no.5603-5607(2003:Jan.)</subfield>
      </datafield>
      <datafield ind1='9' ind2='1' tag='999'>
        <subfield code='i'>i1993529</subfield>
        <subfield code='l'>nohs</subfield>
        <subfield code='s'>-</subfield>
        <subfield code='t'>2</subfield>
        <subfield code='c'>1</subfield>
        <subfield code='o'>1</subfield>
        <subfield code='b'>H00270629Q</subfield>
        <subfield code='v'>v.299:no.5608-5611(2003:Feb.)</subfield>
      </datafield>
      <datafield ind1='9' ind2='1' tag='999'>
        <subfield code='i'>i1993530</subfield>
        <subfield code='l'>nohs</subfield>
        <subfield code='s'>-</subfield>
        <subfield code='t'>2</subfield>
        <subfield code='c'>1</subfield>
        <subfield code='o'>1</subfield>
        <subfield code='b'>H00270668T</subfield>
        <subfield code='v'>v.299:no.5612-5615(2003:Mar.)</subfield>
      </datafield>
      <datafield ind1='9' ind2='1' tag='999'>
        <subfield code='i'>i1993531</subfield>
        <subfield code='l'>nohs</subfield>
        <subfield code='s'>-</subfield>
        <subfield code='t'>2</subfield>
        <subfield code='c'>1</subfield>
        <subfield code='o'>1</subfield>
        <subfield code='b'>H00271446O</subfield>
        <subfield code='v'>v.300:no.5616-5619(2003:Apr.)</subfield>
      </datafield>
      <datafield ind1='9' ind2='1' tag='999'>
        <subfield code='i'>i1993532</subfield>
        <subfield code='l'>nohs</subfield>
        <subfield code='s'>-</subfield>
        <subfield code='t'>2</subfield>
        <subfield code='c'>1</subfield>
        <subfield code='o'>1</subfield>
        <subfield code='b'>H00271473O</subfield>
        <subfield code='v'>v.300:no.5620-5624(2003:May)</subfield>
      </datafield>
      <datafield ind1='9' ind2='1' tag='999'>
        <subfield code='i'>i1993533</subfield>
        <subfield code='l'>nohs</subfield>
        <subfield code='s'>-</subfield>
        <subfield code='t'>2</subfield>
        <subfield code='c'>1</subfield>
        <subfield code='o'>1</subfield>
        <subfield code='b'>H00260629P</subfield>
        <subfield code='v'>v.300:no.5625-5628(2003:June)</subfield>
      </datafield>
      <datafield ind1='9' ind2='1' tag='999'>
        <subfield code='i'>i1993534</subfield>
        <subfield code='l'>nohs</subfield>
        <subfield code='s'>-</subfield>
        <subfield code='t'>2</subfield>
        <subfield code='c'>1</subfield>
        <subfield code='o'>1</subfield>
        <subfield code='b'>H00268387Y</subfield>
        <subfield code='v'>v.301:no.5629-5632(2003:July)</subfield>
      </datafield>
      <datafield ind1='9' ind2='1' tag='999'>
        <subfield code='i'>i1993535</subfield>
        <subfield code='l'>nohs</subfield>
        <subfield code='s'>-</subfield>
        <subfield code='t'>2</subfield>
        <subfield code='c'>1</subfield>
        <subfield code='o'>2</subfield>
        <subfield code='b'>H00295412N</subfield>
        <subfield code='v'>v.301:no.5633-5637(2003:Aug.)</subfield>
      </datafield>
      <datafield ind1='9' ind2='1' tag='999'>
        <subfield code='i'>i1993536</subfield>
        <subfield code='l'>nohs</subfield>
        <subfield code='s'>-</subfield>
        <subfield code='t'>2</subfield>
        <subfield code='c'>1</subfield>
        <subfield code='o'>1</subfield>
        <subfield code='b'>H00295520N</subfield>
        <subfield code='v'>v.301:no.5638-5641(2003:Sept.)</subfield>
      </datafield>
      <datafield ind1='9' ind2='1' tag='999'>
        <subfield code='i'>i1993537</subfield>
        <subfield code='l'>nohs</subfield>
        <subfield code='s'>-</subfield>
        <subfield code='t'>2</subfield>
        <subfield code='c'>1</subfield>
        <subfield code='o'>1</subfield>
        <subfield code='b'>H00295532Q</subfield>
        <subfield code='v'>v.302:no.5642-5646(2003:Oct.)</subfield>
      </datafield>
      <datafield ind1='9' ind2='1' tag='999'>
        <subfield code='i'>i1993538</subfield>
        <subfield code='l'>nohs</subfield>
        <subfield code='s'>-</subfield>
        <subfield code='t'>2</subfield>
        <subfield code='c'>1</subfield>
        <subfield code='o'>1</subfield>
        <subfield code='b'>H00299374Y</subfield>
        <subfield code='v'>v.302:no.5647-5650(2003:Nov.)</subfield>
      </datafield>
      <datafield ind1='9' ind2='1' tag='999'>
        <subfield code='i'>i1993539</subfield>
        <subfield code='l'>nohs</subfield>
        <subfield code='s'>-</subfield>
        <subfield code='t'>2</subfield>
        <subfield code='c'>1</subfield>
        <subfield code='o'>1</subfield>
        <subfield code='b'>H00295053O</subfield>
        <subfield code='v'>v.302:no.5651-5653(2003:Dec.)</subfield>
      </datafield>
      <datafield ind1='9' ind2='1' tag='999'>
        <subfield code='i'>i1993540</subfield>
        <subfield code='l'>nohs</subfield>
        <subfield code='s'>-</subfield>
        <subfield code='t'>2</subfield>
        <subfield code='c'>1</subfield>
        <subfield code='o'>1</subfield>
        <subfield code='b'>H00390317N</subfield>
        <subfield code='v'>v.303:no.5654-5658(2004:Jan.)</subfield>
      </datafield>
      <datafield ind1='9' ind2='1' tag='999'>
        <subfield code='i'>i1993541</subfield>
        <subfield code='l'>nohs</subfield>
        <subfield code='s'>-</subfield>
        <subfield code='t'>2</subfield>
        <subfield code='c'>1</subfield>
        <subfield code='o'>1</subfield>
        <subfield code='b'>H00390311H</subfield>
        <subfield code='v'>v.303:no.5659-5662(2004:Feb.)</subfield>
      </datafield>
      <datafield ind1='9' ind2='1' tag='999'>
        <subfield code='i'>i1993542</subfield>
        <subfield code='l'>nohs</subfield>
        <subfield code='s'>-</subfield>
        <subfield code='t'>2</subfield>
        <subfield code='c'>1</subfield>
        <subfield code='o'>1</subfield>
        <subfield code='b'>H00390329Q</subfield>
        <subfield code='v'>v.303:no.5663-5666(2004:Mar.)</subfield>
      </datafield>
      <datafield ind1='9' ind2='1' tag='999'>
        <subfield code='i'>i1993543</subfield>
        <subfield code='l'>nohs</subfield>
        <subfield code='s'>-</subfield>
        <subfield code='t'>2</subfield>
        <subfield code='c'>1</subfield>
        <subfield code='o'>1</subfield>
        <subfield code='b'>H00390320H</subfield>
        <subfield code='v'>v.304:no.5667-5671(2004:Apr.)</subfield>
      </datafield>
      <datafield ind1='9' ind2='1' tag='999'>
        <subfield code='i'>i1993544</subfield>
        <subfield code='l'>nohs</subfield>
        <subfield code='s'>-</subfield>
        <subfield code='t'>2</subfield>
        <subfield code='c'>1</subfield>
        <subfield code='o'>1</subfield>
        <subfield code='b'>H00390296T</subfield>
        <subfield code='v'>v.304:no.5672-5675(2004:May)</subfield>
      </datafield>
      <datafield ind1='9' ind2='1' tag='999'>
        <subfield code='i'>i1993545</subfield>
        <subfield code='l'>nohs</subfield>
        <subfield code='s'>-</subfield>
        <subfield code='t'>2</subfield>
        <subfield code='c'>1</subfield>
        <subfield code='o'>1</subfield>
        <subfield code='b'>H00390273O</subfield>
        <subfield code='v'>v.304:no.5676-5679(2004:June)</subfield>
      </datafield>
      <datafield ind1='9' ind2='1' tag='999'>
        <subfield code='i'>i6175782</subfield>
        <subfield code='l'>nohs</subfield>
        <subfield code='s'>-</subfield>
        <subfield code='t'>2</subfield>
        <subfield code='c'>1</subfield>
        <subfield code='o'>1</subfield>
        <subfield code='b'>H00391989$</subfield>
        <subfield code='v'>v.305:no.5680-5684(2004:July)</subfield>
      </datafield>
      <datafield ind1='9' ind2='1' tag='999'>
        <subfield code='i'>i6175780</subfield>
        <subfield code='l'>nohs</subfield>
        <subfield code='s'>-</subfield>
        <subfield code='t'>2</subfield>
        <subfield code='c'>1</subfield>
        <subfield code='o'>1</subfield>
        <subfield code='b'>H00391957Y</subfield>
        <subfield code='v'>v.305:no.5685-5688(2004:Aug.)</subfield>
      </datafield>
      <datafield ind1='9' ind2='1' tag='999'>
        <subfield code='i'>i6175781</subfield>
        <subfield code='l'>nohs</subfield>
        <subfield code='s'>-</subfield>
        <subfield code='t'>2</subfield>
        <subfield code='c'>1</subfield>
        <subfield code='o'>1</subfield>
        <subfield code='b'>H00391988</subfield>
        <subfield code='v'>v.305:no.5689-5692(2004:Sept.)</subfield>
      </datafield>
      <datafield ind1='9' ind2='1' tag='999'>
        <subfield code='i'>i6136795</subfield>
        <subfield code='l'>nohs</subfield>
        <subfield code='s'>-</subfield>
        <subfield code='t'>2</subfield>
        <subfield code='c'>1</subfield>
        <subfield code='o'>1</subfield>
        <subfield code='b'>H00393829Y</subfield>
        <subfield code='v'>v.306:no.5693-5697(2004:Oct.)</subfield>
      </datafield>
      <datafield ind1='9' ind2='1' tag='999'>
        <subfield code='i'>i6136796</subfield>
        <subfield code='l'>nohs</subfield>
        <subfield code='s'>-</subfield>
        <subfield code='t'>2</subfield>
        <subfield code='c'>1</subfield>
        <subfield code='o'>1</subfield>
        <subfield code='b'>H00393828X</subfield>
        <subfield code='v'>v.306:no.5698-5701(2004:Nov.)</subfield>
      </datafield>
      <datafield ind1='9' ind2='1' tag='999'>
        <subfield code='i'>i6136797</subfield>
        <subfield code='l'>nohs</subfield>
        <subfield code='s'>-</subfield>
        <subfield code='t'>2</subfield>
        <subfield code='c'>1</subfield>
        <subfield code='o'>1</subfield>
        <subfield code='b'>H00393830Q</subfield>
        <subfield code='v'>v.306:no.5702-5705(2004:Dec.)</subfield>
      </datafield>
      <datafield ind1='9' ind2='1' tag='999'>
        <subfield code='i'>i6136798</subfield>
        <subfield code='l'>nohs</subfield>
        <subfield code='s'>-</subfield>
        <subfield code='t'>2</subfield>
        <subfield code='c'>1</subfield>
        <subfield code='o'>1</subfield>
        <subfield code='b'>H00393739Y</subfield>
        <subfield code='v'>v.307:no.5706-5709(2005:Jan.)</subfield>
      </datafield>
      <datafield ind1='9' ind2='1' tag='999'>
        <subfield code='i'>i6271694</subfield>
        <subfield code='l'>nohs</subfield>
        <subfield code='s'>-</subfield>
        <subfield code='t'>2</subfield>
        <subfield code='c'>1</subfield>
        <subfield code='o'>0</subfield>
        <subfield code='b'>H00396139V</subfield>
        <subfield code='v'>v.307:no.5710-5713(2005:Feb.)</subfield>
      </datafield>
      <datafield ind1='9' ind2='1' tag='999'>
        <subfield code='i'>i6271686</subfield>
        <subfield code='l'>nohs</subfield>
        <subfield code='s'>-</subfield>
        <subfield code='t'>2</subfield>
        <subfield code='c'>1</subfield>
        <subfield code='o'>0</subfield>
        <subfield code='b'>H00393372R</subfield>
        <subfield code='v'>v.307:no.5714-5717( 2005:Mar.)</subfield>
      </datafield>
      <datafield ind1='9' ind2='1' tag='999'>
        <subfield code='i'>i6271688</subfield>
        <subfield code='l'>nohs</subfield>
        <subfield code='s'>-</subfield>
        <subfield code='t'>2</subfield>
        <subfield code='c'>1</subfield>
        <subfield code='o'>0</subfield>
        <subfield code='b'>H00395154R</subfield>
        <subfield code='v'>v.308:no.5718-5722(2005:Apr.)</subfield>
      </datafield>
      <datafield ind1='9' ind2='1' tag='999'>
        <subfield code='i'>i6277908</subfield>
        <subfield code='l'>nohs</subfield>
        <subfield code='s'>-</subfield>
        <subfield code='t'>2</subfield>
        <subfield code='c'>1</subfield>
        <subfield code='o'>0</subfield>
        <subfield code='b'>H00395224P</subfield>
        <subfield code='v'>v.308:no.5723-5726(2005:May)</subfield>
      </datafield>
      <datafield ind1='9' ind2='1' tag='999'>
        <subfield code='i'>i6300947</subfield>
        <subfield code='l'>nohs</subfield>
        <subfield code='s'>-</subfield>
        <subfield code='t'>2</subfield>
        <subfield code='c'>1</subfield>
        <subfield code='o'>0</subfield>
        <subfield code='b'>H00467770V</subfield>
        <subfield code='v'>v.308:no.5727-5730(2005:June)</subfield>
      </datafield>
      <datafield ind1='9' ind2='1' tag='999'>
        <subfield code='i'>i6287863</subfield>
        <subfield code='l'>nohs</subfield>
        <subfield code='s'>-</subfield>
        <subfield code='t'>2</subfield>
        <subfield code='c'>1</subfield>
        <subfield code='o'>0</subfield>
        <subfield code='b'>H00467953Y</subfield>
        <subfield code='v'>v.309:no.5731-5735(2005:July)</subfield>
      </datafield>
      <datafield ind1='9' ind2='1' tag='999'>
        <subfield code='i'>i6287864</subfield>
        <subfield code='l'>nohs</subfield>
        <subfield code='s'>-</subfield>
        <subfield code='t'>2</subfield>
        <subfield code='c'>1</subfield>
        <subfield code='o'>0</subfield>
        <subfield code='b'>H00467869</subfield>
        <subfield code='v'>v.309:no.5736-5739(2005:Aug.)</subfield>
      </datafield>
      <datafield ind1='9' ind2='1' tag='999'>
        <subfield code='i'>i6300124</subfield>
        <subfield code='l'>nohs</subfield>
        <subfield code='s'>-</subfield>
        <subfield code='t'>2</subfield>
        <subfield code='c'>1</subfield>
        <subfield code='o'>0</subfield>
        <subfield code='b'>H00402886S</subfield>
        <subfield code='v'>v.309:no.5740-5744(2005:Sept.)</subfield>
      </datafield>
      <datafield ind1='9' ind2='1' tag='999'>
        <subfield code='i'>i6309283</subfield>
        <subfield code='l'>nohs</subfield>
        <subfield code='s'>-</subfield>
        <subfield code='t'>2</subfield>
        <subfield code='c'>1</subfield>
        <subfield code='o'>0</subfield>
        <subfield code='b'>H00403141D</subfield>
        <subfield code='v'>v.310:no.5745-5748(2005:Oct.)</subfield>
      </datafield>
      <datafield ind1='9' ind2='1' tag='999'>
        <subfield code='i'>i6378504</subfield>
        <subfield code='l'>nohs</subfield>
        <subfield code='s'>-</subfield>
        <subfield code='t'>2</subfield>
        <subfield code='c'>1</subfield>
        <subfield code='o'>0</subfield>
        <subfield code='b'>H00403581L</subfield>
        <subfield code='v'>v.310:no.5749-5752(2005:Nov.)</subfield>
      </datafield>
      <datafield ind1='9' ind2='1' tag='999'>
        <subfield code='i'>i6378505</subfield>
        <subfield code='l'>nohs</subfield>
        <subfield code='s'>-</subfield>
        <subfield code='t'>2</subfield>
        <subfield code='c'>1</subfield>
        <subfield code='o'>0</subfield>
        <subfield code='b'>H00469041O</subfield>
        <subfield code='v'>v.310:no.5753-5756(2005:Dec.)</subfield>
      </datafield>
      <datafield ind1='9' ind2='1' tag='999'>
        <subfield code='i'>i6378506</subfield>
        <subfield code='l'>nohs</subfield>
        <subfield code='s'>-</subfield>
        <subfield code='t'>2</subfield>
        <subfield code='c'>1</subfield>
        <subfield code='o'>0</subfield>
        <subfield code='b'>H00469094W</subfield>
        <subfield code='v'>v.311:no.5757-5760(2006:Jan.)</subfield>
      </datafield>
      <datafield ind1='9' ind2='1' tag='999'>
        <subfield code='i'>i6378509</subfield>
        <subfield code='l'>nohs</subfield>
        <subfield code='s'>-</subfield>
        <subfield code='t'>2</subfield>
        <subfield code='c'>1</subfield>
        <subfield code='o'>0</subfield>
        <subfield code='b'>H00469054S</subfield>
        <subfield code='v'>v.311:no.5761-5764(2006:Feb.)</subfield>
      </datafield>
      <datafield ind1='9' ind2='1' tag='999'>
        <subfield code='i'>i6407510</subfield>
        <subfield code='l'>nohs</subfield>
        <subfield code='s'>-</subfield>
        <subfield code='t'>2</subfield>
        <subfield code='c'>1</subfield>
        <subfield code='o'>0</subfield>
        <subfield code='b'>H00468957$</subfield>
        <subfield code='v'>v.311:no.5765-5769(2006:Mar.)</subfield>
      </datafield>
      <datafield ind1='9' ind2='1' tag='999'>
        <subfield code='i'>i6429949</subfield>
        <subfield code='l'>nohs</subfield>
        <subfield code='s'>-</subfield>
        <subfield code='t'>2</subfield>
        <subfield code='c'>1</subfield>
        <subfield code='o'>0</subfield>
        <subfield code='b'>H00469182U</subfield>
        <subfield code='v'>v.312:no.5770-5773(2006:Apr.)</subfield>
      </datafield>
      <datafield ind1='9' ind2='1' tag='999'>
        <subfield code='i'>i6429951</subfield>
        <subfield code='l'>nohs</subfield>
        <subfield code='s'>-</subfield>
        <subfield code='t'>2</subfield>
        <subfield code='c'>1</subfield>
        <subfield code='o'>0</subfield>
        <subfield code='b'>H00468337V</subfield>
        <subfield code='v'>v.312:no.5774-5777(2006:May)</subfield>
      </datafield>
      <datafield ind1='9' ind2='1' tag='999'>
        <subfield code='i'>i6472181</subfield>
        <subfield code='l'>nohs</subfield>
        <subfield code='s'>-</subfield>
        <subfield code='t'>2</subfield>
        <subfield code='c'>1</subfield>
        <subfield code='o'>0</subfield>
        <subfield code='b'>H00403717M</subfield>
        <subfield code='v'>v.312:no.5778-5782(2006:June)</subfield>
      </datafield>
      <datafield ind1='9' ind2='1' tag='999'>
        <subfield code='i'>i6495645</subfield>
        <subfield code='l'>nohs</subfield>
        <subfield code='s'>-</subfield>
        <subfield code='t'>2</subfield>
        <subfield code='c'>1</subfield>
        <subfield code='o'>0</subfield>
        <subfield code='b'>H00403766Q</subfield>
        <subfield code='v'>v.313:no.5783-5786(2006:July)</subfield>
      </datafield>
      <datafield ind1='9' ind2='1' tag='999'>
        <subfield code='i'>i6495740</subfield>
        <subfield code='l'>nohs</subfield>
        <subfield code='s'>-</subfield>
        <subfield code='t'>2</subfield>
        <subfield code='c'>1</subfield>
        <subfield code='o'>0</subfield>
        <subfield code='b'>H00468293W</subfield>
        <subfield code='v'>v.313:no.5787-5790(2006:Aug.)</subfield>
      </datafield>
      <datafield ind1='9' ind2='1' tag='999'>
        <subfield code='i'>i6517928</subfield>
        <subfield code='l'>nohs</subfield>
        <subfield code='s'>-</subfield>
        <subfield code='t'>2</subfield>
        <subfield code='c'>1</subfield>
        <subfield code='o'>0</subfield>
        <subfield code='b'>H00405809Q</subfield>
        <subfield code='v'>v.313:no.5791-5795(2006:Sept.)</subfield>
      </datafield>
      <datafield ind1='9' ind2='1' tag='999'>
        <subfield code='i'>i6529198</subfield>
        <subfield code='l'>nohs</subfield>
        <subfield code='s'>-</subfield>
        <subfield code='t'>2</subfield>
        <subfield code='c'>1</subfield>
        <subfield code='o'>0</subfield>
        <subfield code='b'>H00404044G</subfield>
        <subfield code='v'>v.314:no.5796-5799(2006:Oct.)</subfield>
      </datafield>
      <datafield ind1='9' ind2='1' tag='999'>
        <subfield code='i'>i6543693</subfield>
        <subfield code='l'>nohs</subfield>
        <subfield code='s'>-</subfield>
        <subfield code='t'>2</subfield>
        <subfield code='c'>1</subfield>
        <subfield code='o'>0</subfield>
        <subfield code='b'>H00405667S</subfield>
        <subfield code='v'>v.314:no.5800-5803(2006:Nov.)</subfield>
      </datafield>
      <datafield ind1='9' ind2='1' tag='999'>
        <subfield code='i'>i6751325</subfield>
        <subfield code='l'>nohs</subfield>
        <subfield code='s'>-</subfield>
        <subfield code='t'>2</subfield>
        <subfield code='c'>1</subfield>
        <subfield code='o'>0</subfield>
        <subfield code='b'>H00406157N</subfield>
        <subfield code='v'>v.314:no.5804-5807(2006:Dec.)</subfield>
      </datafield>
      <datafield ind1='9' ind2='1' tag='999'>
        <subfield code='i'>i6792482</subfield>
        <subfield code='l'>nohs</subfield>
        <subfield code='s'>-</subfield>
        <subfield code='t'>2</subfield>
        <subfield code='c'>1</subfield>
        <subfield code='o'>0</subfield>
        <subfield code='b'>H00469367Z</subfield>
        <subfield code='v'>v.315:no.5808-5811(2007:Jan.)</subfield>
      </datafield>
      <datafield ind1='9' ind2='1' tag='999'>
        <subfield code='i'>i6792483</subfield>
        <subfield code='l'>nohs</subfield>
        <subfield code='s'>-</subfield>
        <subfield code='t'>2</subfield>
        <subfield code='c'>1</subfield>
        <subfield code='o'>0</subfield>
        <subfield code='b'>H00469374X</subfield>
        <subfield code='v'>v.315:no.5812-5815(2007:Feb.)</subfield>
      </datafield>
      <datafield ind1='9' ind2='1' tag='999'>
        <subfield code='i'>i6841532</subfield>
        <subfield code='l'>nohs</subfield>
        <subfield code='s'>-</subfield>
        <subfield code='t'>2</subfield>
        <subfield code='c'>1</subfield>
        <subfield code='o'>0</subfield>
        <subfield code='b'>H00404221D</subfield>
        <subfield code='v'>v.315:no.5816-5820(2007:Mar.)</subfield>
      </datafield>
      <datafield ind1='9' ind2='1' tag='999'>
        <subfield code='i'>i6841556</subfield>
        <subfield code='l'>nohs</subfield>
        <subfield code='s'>-</subfield>
        <subfield code='t'>2</subfield>
        <subfield code='c'>1</subfield>
        <subfield code='o'>0</subfield>
        <subfield code='b'>H00403928Q</subfield>
        <subfield code='v'>v.316:no.5821-5824(2007:Apr.)</subfield>
      </datafield>
      <datafield ind1='9' ind2='1' tag='999'>
        <subfield code='i'>i6888614</subfield>
        <subfield code='l'>nohs</subfield>
        <subfield code='s'>-</subfield>
        <subfield code='t'>2</subfield>
        <subfield code='c'>1</subfield>
        <subfield code='o'>0</subfield>
        <subfield code='b'>H00405844P</subfield>
        <subfield code='v'>v.316:no.5825-5828(2007:May)</subfield>
      </datafield>
      <datafield ind1='9' ind2='1' tag='999'>
        <subfield code='i'>i6908046</subfield>
        <subfield code='l'>nohs</subfield>
        <subfield code='s'>-</subfield>
        <subfield code='t'>2</subfield>
        <subfield code='c'>1</subfield>
        <subfield code='o'>0</subfield>
        <subfield code='b'>H00406267P</subfield>
        <subfield code='v'>v.316:no.5829-5833(2007:June)</subfield>
      </datafield>
      <datafield ind1='9' ind2='1' tag='999'>
        <subfield code='i'>i6943421</subfield>
        <subfield code='l'>nohs</subfield>
        <subfield code='s'>-</subfield>
        <subfield code='t'>2</subfield>
        <subfield code='c'>1</subfield>
        <subfield code='o'>0</subfield>
        <subfield code='b'>H00469687</subfield>
        <subfield code='v'>v.317:no.5834-5837(2007:July)</subfield>
      </datafield>
      <datafield ind1='9' ind2='1' tag='999'>
        <subfield code='i'>i6968554</subfield>
        <subfield code='l'>nohs</subfield>
        <subfield code='s'>-</subfield>
        <subfield code='t'>2</subfield>
        <subfield code='c'>1</subfield>
        <subfield code='o'>0</subfield>
        <subfield code='b'>H00470764S</subfield>
        <subfield code='v'>v.317:no.5838-5842(2007:Aug.)</subfield>
      </datafield>
      <datafield ind1='9' ind2='1' tag='999'>
        <subfield code='i'>i6998380</subfield>
        <subfield code='l'>nohs</subfield>
        <subfield code='s'>-</subfield>
        <subfield code='t'>2</subfield>
        <subfield code='c'>1</subfield>
        <subfield code='o'>0</subfield>
        <subfield code='b'>H00470239P</subfield>
        <subfield code='v'>v.317:no.5843-5846(2007)</subfield>
      </datafield>
      <datafield ind1='9' ind2='1' tag='999'>
        <subfield code='i'>i7362043</subfield>
        <subfield code='l'>nohs</subfield>
        <subfield code='s'>-</subfield>
        <subfield code='t'>2</subfield>
        <subfield code='c'>1</subfield>
        <subfield code='o'>0</subfield>
        <subfield code='b'>H00471106J</subfield>
        <subfield code='v'>v.318:no.5847-5850(2007)</subfield>
      </datafield>
      <datafield ind1='9' ind2='1' tag='999'>
        <subfield code='i'>i7362042</subfield>
        <subfield code='l'>nohs</subfield>
        <subfield code='s'>-</subfield>
        <subfield code='t'>2</subfield>
        <subfield code='c'>1</subfield>
        <subfield code='o'>0</subfield>
        <subfield code='b'>H00471083N</subfield>
        <subfield code='v'>v.318:no.5851-5855(2007)</subfield>
      </datafield>
      <datafield ind1='9' ind2='1' tag='999'>
        <subfield code='i'>i7362044</subfield>
        <subfield code='l'>nohs</subfield>
        <subfield code='s'>-</subfield>
        <subfield code='t'>2</subfield>
        <subfield code='c'>1</subfield>
        <subfield code='o'>0</subfield>
        <subfield code='b'>H00471093O</subfield>
        <subfield code='v'>v.318:no.5856-5858(2007)</subfield>
      </datafield>
      <datafield ind1='9' ind2='1' tag='999'>
        <subfield code='i'>i7362040</subfield>
        <subfield code='l'>nohs</subfield>
        <subfield code='s'>-</subfield>
        <subfield code='t'>2</subfield>
        <subfield code='c'>1</subfield>
        <subfield code='o'>0</subfield>
        <subfield code='b'>H00471117L</subfield>
        <subfield code='v'>v.319:no.5859-5862(2008)</subfield>
      </datafield>
      <datafield ind1='9' ind2='1' tag='999'>
        <subfield code='i'>i7362045</subfield>
        <subfield code='l'>nohs</subfield>
        <subfield code='s'>-</subfield>
        <subfield code='t'>2</subfield>
        <subfield code='c'>1</subfield>
        <subfield code='o'>0</subfield>
        <subfield code='b'>H00470428P</subfield>
        <subfield code='v'>v.319:no.5863-5867(2008)</subfield>
      </datafield>
      <datafield ind1='9' ind2='1' tag='999'>
        <subfield code='i'>i7515503</subfield>
        <subfield code='l'>nohs</subfield>
        <subfield code='s'>-</subfield>
        <subfield code='t'>2</subfield>
        <subfield code='c'>1</subfield>
        <subfield code='o'>0</subfield>
        <subfield code='b'>H00471754S</subfield>
        <subfield code='v'>v.319-320:no.5868-5872(2008)</subfield>
      </datafield>
      <datafield ind1='9' ind2='1' tag='999'>
        <subfield code='i'>i7515507</subfield>
        <subfield code='l'>nohs</subfield>
        <subfield code='s'>-</subfield>
        <subfield code='t'>2</subfield>
        <subfield code='c'>1</subfield>
        <subfield code='o'>0</subfield>
        <subfield code='b'>H00471753R</subfield>
        <subfield code='v'>v.320:no.5873-5876(2008)</subfield>
      </datafield>
      <datafield ind1='9' ind2='1' tag='999'>
        <subfield code='i'>i7749816</subfield>
        <subfield code='l'>nohs</subfield>
        <subfield code='s'>-</subfield>
        <subfield code='t'>2</subfield>
        <subfield code='c'>1</subfield>
        <subfield code='o'>0</subfield>
        <subfield code='b'>H00456206N</subfield>
        <subfield code='v'>v.320:no.5877-5884(2008)</subfield>
      </datafield>
      <datafield ind1='9' ind2='1' tag='999'>
        <subfield code='i'>i7749819</subfield>
        <subfield code='l'>nohs</subfield>
        <subfield code='s'>-</subfield>
        <subfield code='t'>2</subfield>
        <subfield code='c'>1</subfield>
        <subfield code='o'>0</subfield>
        <subfield code='b'>H00456211J</subfield>
        <subfield code='v'>v.320:no.5885-5892(2008)</subfield>
      </datafield>
      <datafield ind1='9' ind2='1' tag='999'>
        <subfield code='i'>i7749821</subfield>
        <subfield code='l'>nohs</subfield>
        <subfield code='s'>-</subfield>
        <subfield code='t'>2</subfield>
        <subfield code='c'>1</subfield>
        <subfield code='o'>0</subfield>
        <subfield code='b'>H00456215N</subfield>
        <subfield code='v'>v.321-322:no.5893-5900(2008)</subfield>
      </datafield>
      <datafield ind1='9' ind2='1' tag='999'>
        <subfield code='i'>i7749824</subfield>
        <subfield code='l'>nohs</subfield>
        <subfield code='s'>-</subfield>
        <subfield code='t'>2</subfield>
        <subfield code='c'>1</subfield>
        <subfield code='o'>0</subfield>
        <subfield code='b'>H00456220J</subfield>
        <subfield code='v'>v.322:no.5901-5908(2008)</subfield>
      </datafield>
      <datafield ind1='9' ind2='1' tag='999'>
        <subfield code='i'>i7749827</subfield>
        <subfield code='l'>nohs</subfield>
        <subfield code='s'>-</subfield>
        <subfield code='t'>2</subfield>
        <subfield code='c'>1</subfield>
        <subfield code='o'>0</subfield>
        <subfield code='b'>H00456219R</subfield>
        <subfield code='v'>v.322-323:no.5909-5914(2008-2009)</subfield>
      </datafield>
      <datafield ind1='9' ind2='1' tag='999'>
        <subfield code='i'>i7749831</subfield>
        <subfield code='l'>nohs</subfield>
        <subfield code='s'>-</subfield>
        <subfield code='t'>2</subfield>
        <subfield code='c'>1</subfield>
        <subfield code='o'>0</subfield>
        <subfield code='b'>H00456213L</subfield>
        <subfield code='v'>v.323:no.5915-5919(2009)</subfield>
      </datafield>
      <datafield ind1='9' ind2='1' tag='999'>
        <subfield code='i'>i7903757</subfield>
        <subfield code='l'>nohs</subfield>
        <subfield code='s'>-</subfield>
        <subfield code='t'>2</subfield>
        <subfield code='c'>1</subfield>
        <subfield code='o'>0</subfield>
        <subfield code='b'>H00459422Q</subfield>
        <subfield code='v'>v.323-324:no.5920-5928(2009)</subfield>
      </datafield>
      <datafield ind1='9' ind2='1' tag='999'>
        <subfield code='i'>i7903758</subfield>
        <subfield code='l'>nohs</subfield>
        <subfield code='s'>-</subfield>
        <subfield code='t'>2</subfield>
        <subfield code='c'>1</subfield>
        <subfield code='o'>0</subfield>
        <subfield code='b'>H00459416T</subfield>
        <subfield code='v'>v.324:no.5929-5935(2009)</subfield>
      </datafield>
      <datafield ind1='9' ind2='1' tag='999'>
        <subfield code='i'>i7903759</subfield>
        <subfield code='l'>nohs</subfield>
        <subfield code='s'>-</subfield>
        <subfield code='t'>2</subfield>
        <subfield code='c'>1</subfield>
        <subfield code='o'>0</subfield>
        <subfield code='b'>H00459410N</subfield>
        <subfield code='v'>v.325:no.5936-5943(2009)</subfield>
      </datafield>
      <datafield ind1='9' ind2='1' tag='999'>
        <subfield code='i'>i8327262</subfield>
        <subfield code='l'>nohs</subfield>
        <subfield code='s'>-</subfield>
        <subfield code='t'>2</subfield>
        <subfield code='c'>1</subfield>
        <subfield code='o'>0</subfield>
        <subfield code='b'>H00454707R</subfield>
        <subfield code='v'>v.325:no.5944-5949(2009)</subfield>
      </datafield>
      <datafield ind1='9' ind2='1' tag='999'>
        <subfield code='i'>i8321441</subfield>
        <subfield code='l'>nohs</subfield>
        <subfield code='s'>-</subfield>
        <subfield code='t'>2</subfield>
        <subfield code='c'>1</subfield>
        <subfield code='o'>0</subfield>
        <subfield code='b'>H00460515L</subfield>
        <subfield code='v'>v.326:no.5950-5954(2009)</subfield>
      </datafield>
      <datafield ind1='9' ind2='1' tag='999'>
        <subfield code='i'>i8327263</subfield>
        <subfield code='l'>nohs</subfield>
        <subfield code='s'>-</subfield>
        <subfield code='t'>2</subfield>
        <subfield code='c'>1</subfield>
        <subfield code='o'>1</subfield>
        <subfield code='b'>H00454701L</subfield>
        <subfield code='v'>v.326:no.5955-5960(2009)</subfield>
      </datafield>
      <datafield ind1='9' ind2='1' tag='999'>
        <subfield code='i'>i7811640</subfield>
        <subfield code='l'>trln</subfield>
        <subfield code='s'>-</subfield>
        <subfield code='t'>3</subfield>
        <subfield code='c'>1</subfield>
        <subfield code='o'>0</subfield>
        <subfield code='b'>00025935025</subfield>
        <subfield code='v'>new ser.:v.316:no.5833-5838(2007)  </subfield>
      </datafield>
      <datafield ind1='9' ind2='1' tag='999'>
        <subfield code='i'>i1656922</subfield>
        <subfield code='l'>trln</subfield>
        <subfield code='s'>-</subfield>
        <subfield code='t'>3</subfield>
        <subfield code='c'>1</subfield>
        <subfield code='o'>0</subfield>
        <subfield code='b'>00021495507</subfield>
        <subfield code='v'>new ser.:v.223(1984)</subfield>
      </datafield>
      <datafield ind1='9' ind2='1' tag='999'>
        <subfield code='i'>i1656926</subfield>
        <subfield code='l'>trln</subfield>
        <subfield code='s'>-</subfield>
        <subfield code='t'>3</subfield>
        <subfield code='c'>1</subfield>
        <subfield code='o'>0</subfield>
        <subfield code='b'>00021495516</subfield>
        <subfield code='v'>new ser.:v.224(1984)</subfield>
      </datafield>
      <datafield ind1='9' ind2='1' tag='999'>
        <subfield code='i'>i1656930</subfield>
        <subfield code='l'>trln</subfield>
        <subfield code='s'>-</subfield>
        <subfield code='t'>3</subfield>
        <subfield code='c'>1</subfield>
        <subfield code='o'>0</subfield>
        <subfield code='b'>00021495525</subfield>
        <subfield code='v'>new ser.:v.225(1984)</subfield>
      </datafield>
      <datafield ind1='9' ind2='1' tag='999'>
        <subfield code='i'>i1656934</subfield>
        <subfield code='l'>trln</subfield>
        <subfield code='s'>-</subfield>
        <subfield code='t'>3</subfield>
        <subfield code='c'>1</subfield>
        <subfield code='o'>0</subfield>
        <subfield code='b'>00021495534</subfield>
        <subfield code='v'>new ser.:v.226(1984)</subfield>
      </datafield>
      <datafield ind1='9' ind2='1' tag='999'>
        <subfield code='i'>i1656938</subfield>
        <subfield code='l'>trln</subfield>
        <subfield code='s'>-</subfield>
        <subfield code='t'>3</subfield>
        <subfield code='c'>1</subfield>
        <subfield code='o'>0</subfield>
        <subfield code='b'>00021495543</subfield>
        <subfield code='v'>new ser.:v.227(1985)</subfield>
      </datafield>
      <datafield ind1='9' ind2='1' tag='999'>
        <subfield code='i'>i1656942</subfield>
        <subfield code='l'>trln</subfield>
        <subfield code='s'>-</subfield>
        <subfield code='t'>3</subfield>
        <subfield code='c'>1</subfield>
        <subfield code='o'>0</subfield>
        <subfield code='b'>00021495552</subfield>
        <subfield code='v'>new ser.:v.228(1985)</subfield>
      </datafield>
      <datafield ind1='9' ind2='1' tag='999'>
        <subfield code='i'>i1656946</subfield>
        <subfield code='l'>trln</subfield>
        <subfield code='s'>-</subfield>
        <subfield code='t'>3</subfield>
        <subfield code='c'>1</subfield>
        <subfield code='o'>0</subfield>
        <subfield code='b'>00021495561</subfield>
        <subfield code='v'>new ser.:v.229(1985)</subfield>
      </datafield>
      <datafield ind1='9' ind2='1' tag='999'>
        <subfield code='i'>i1656950</subfield>
        <subfield code='l'>trln</subfield>
        <subfield code='s'>-</subfield>
        <subfield code='t'>3</subfield>
        <subfield code='c'>1</subfield>
        <subfield code='o'>0</subfield>
        <subfield code='b'>00021495570</subfield>
        <subfield code='v'>new ser.:v.230(1985)</subfield>
      </datafield>
      <datafield ind1='9' ind2='1' tag='999'>
        <subfield code='i'>i1656986</subfield>
        <subfield code='l'>trln</subfield>
        <subfield code='s'>-</subfield>
        <subfield code='t'>3</subfield>
        <subfield code='c'>1</subfield>
        <subfield code='o'>0</subfield>
        <subfield code='b'>00021495669</subfield>
        <subfield code='v'>new ser.:v.239(1988)</subfield>
      </datafield>
      <datafield ind1='9' ind2='1' tag='999'>
        <subfield code='i'>i1656990</subfield>
        <subfield code='l'>trln</subfield>
        <subfield code='s'>-</subfield>
        <subfield code='t'>3</subfield>
        <subfield code='c'>1</subfield>
        <subfield code='o'>0</subfield>
        <subfield code='b'>00021495678</subfield>
        <subfield code='v'>new ser.:v.240(1988)</subfield>
      </datafield>
      <datafield ind1='9' ind2='1' tag='999'>
        <subfield code='i'>i1656994</subfield>
        <subfield code='l'>trln</subfield>
        <subfield code='s'>-</subfield>
        <subfield code='t'>3</subfield>
        <subfield code='c'>1</subfield>
        <subfield code='o'>0</subfield>
        <subfield code='b'>00021495687</subfield>
        <subfield code='v'>new ser.:v.241(1988)</subfield>
      </datafield>
      <datafield ind1='9' ind2='1' tag='999'>
        <subfield code='i'>i1656998</subfield>
        <subfield code='l'>trln</subfield>
        <subfield code='s'>-</subfield>
        <subfield code='t'>3</subfield>
        <subfield code='c'>1</subfield>
        <subfield code='o'>0</subfield>
        <subfield code='b'>00021495696</subfield>
        <subfield code='v'>new ser.:v.242(1988)</subfield>
      </datafield>
      <datafield ind1='9' ind2='1' tag='999'>
        <subfield code='i'>i1657002</subfield>
        <subfield code='l'>trln</subfield>
        <subfield code='s'>-</subfield>
        <subfield code='t'>3</subfield>
        <subfield code='c'>1</subfield>
        <subfield code='o'>0</subfield>
        <subfield code='b'>00021495703</subfield>
        <subfield code='v'>new ser.:v.243(1989)</subfield>
      </datafield>
      <datafield ind1='9' ind2='1' tag='999'>
        <subfield code='i'>i1656982</subfield>
        <subfield code='l'>trln</subfield>
        <subfield code='s'>-</subfield>
        <subfield code='t'>3</subfield>
        <subfield code='c'>1</subfield>
        <subfield code='o'>0</subfield>
        <subfield code='b'>00021495650</subfield>
        <subfield code='v'>new ser.:v.238(1987)</subfield>
      </datafield>
      <datafield ind1='9' ind2='1' tag='999'>
        <subfield code='i'>i9006425</subfield>
        <subfield code='l'>trln</subfield>
        <subfield code='s'>-</subfield>
        <subfield code='t'>3</subfield>
        <subfield code='c'>1</subfield>
        <subfield code='o'>0</subfield>
        <subfield code='b'>00041642749</subfield>
        <subfield code='v'>new ser.:v.278:p.1193-2192(1997)</subfield>
      </datafield>
      <datafield ind1='9' ind2='1' tag='999'>
        <subfield code='i'>i9006426</subfield>
        <subfield code='l'>trln</subfield>
        <subfield code='s'>-</subfield>
        <subfield code='t'>3</subfield>
        <subfield code='c'>1</subfield>
        <subfield code='o'>0</subfield>
        <subfield code='b'>00041642758</subfield>
        <subfield code='v'>new ser.:v.278:p.1-1192(1997)</subfield>
      </datafield>
      <datafield ind1='9' ind2='1' tag='999'>
        <subfield code='i'>i9006427</subfield>
        <subfield code='l'>trln</subfield>
        <subfield code='s'>-</subfield>
        <subfield code='t'>3</subfield>
        <subfield code='c'>1</subfield>
        <subfield code='o'>0</subfield>
        <subfield code='b'>00041642767</subfield>
        <subfield code='v'>new ser.:v.279:p.1-1096(1998)</subfield>
      </datafield>
      <datafield ind1='9' ind2='1' tag='999'>
        <subfield code='i'>i9006428</subfield>
        <subfield code='l'>trln</subfield>
        <subfield code='s'>-</subfield>
        <subfield code='t'>3</subfield>
        <subfield code='c'>1</subfield>
        <subfield code='o'>0</subfield>
        <subfield code='b'>00041642776</subfield>
        <subfield code='v'>new ser.:v.279:p.1097-2168(1998)</subfield>
      </datafield>
      <datafield ind1='9' ind2='1' tag='999'>
        <subfield code='i'>i9006429</subfield>
        <subfield code='l'>trln</subfield>
        <subfield code='s'>-</subfield>
        <subfield code='t'>3</subfield>
        <subfield code='c'>1</subfield>
        <subfield code='o'>0</subfield>
        <subfield code='b'>00041642785</subfield>
        <subfield code='v'>new ser.:v.280:p.1-1156(1998)</subfield>
      </datafield>
      <datafield ind1='9' ind2='1' tag='999'>
        <subfield code='i'>i9006430</subfield>
        <subfield code='l'>trln</subfield>
        <subfield code='s'>-</subfield>
        <subfield code='t'>3</subfield>
        <subfield code='c'>1</subfield>
        <subfield code='o'>0</subfield>
        <subfield code='b'>00041642794</subfield>
        <subfield code='v'>new ser.:v.280:p.1157-2176(1998)</subfield>
      </datafield>
      <datafield ind1='9' ind2='1' tag='999'>
        <subfield code='i'>i9006431</subfield>
        <subfield code='l'>trln</subfield>
        <subfield code='s'>-</subfield>
        <subfield code='t'>3</subfield>
        <subfield code='c'>1</subfield>
        <subfield code='o'>0</subfield>
        <subfield code='b'>00041642801</subfield>
        <subfield code='v'>new ser.:v.281:p.1-1100(1998)</subfield>
      </datafield>
      <datafield ind1='9' ind2='1' tag='999'>
        <subfield code='i'>i9006432</subfield>
        <subfield code='l'>trln</subfield>
        <subfield code='s'>-</subfield>
        <subfield code='t'>3</subfield>
        <subfield code='c'>1</subfield>
        <subfield code='o'>0</subfield>
        <subfield code='b'>00041642810</subfield>
        <subfield code='v'>new ser.:v.281:p.1101-2092(1998)</subfield>
      </datafield>
      <datafield ind1='9' ind2='1' tag='999'>
        <subfield code='i'>i9006433</subfield>
        <subfield code='l'>trln</subfield>
        <subfield code='s'>-</subfield>
        <subfield code='t'>3</subfield>
        <subfield code='c'>1</subfield>
        <subfield code='o'>0</subfield>
        <subfield code='b'>00041642829</subfield>
        <subfield code='v'>new ser.:v.282:p.1-1216(1998)</subfield>
      </datafield>
      <datafield ind1='9' ind2='1' tag='999'>
        <subfield code='i'>i9006434</subfield>
        <subfield code='l'>trln</subfield>
        <subfield code='s'>-</subfield>
        <subfield code='t'>3</subfield>
        <subfield code='c'>1</subfield>
        <subfield code='o'>0</subfield>
        <subfield code='b'>00041642838</subfield>
        <subfield code='v'>new ser.:v.282:p.1217-2336(1998)</subfield>
      </datafield>
      <datafield ind1='9' ind2='1' tag='999'>
        <subfield code='i'>i9006435</subfield>
        <subfield code='l'>trln</subfield>
        <subfield code='s'>-</subfield>
        <subfield code='t'>3</subfield>
        <subfield code='c'>1</subfield>
        <subfield code='o'>0</subfield>
        <subfield code='b'>00041642847</subfield>
        <subfield code='v'>new ser.:v.283:p.1-1072(1999)</subfield>
      </datafield>
      <datafield ind1='9' ind2='1' tag='999'>
        <subfield code='i'>i1656821</subfield>
        <subfield code='l'>trln</subfield>
        <subfield code='s'>-</subfield>
        <subfield code='t'>3</subfield>
        <subfield code='c'>1</subfield>
        <subfield code='o'>0</subfield>
        <subfield code='b'>00021495240</subfield>
        <subfield code='v'>new ser.:v.197(1977)</subfield>
      </datafield>
      <datafield ind1='9' ind2='1' tag='999'>
        <subfield code='i'>i1656827</subfield>
        <subfield code='l'>trln</subfield>
        <subfield code='s'>-</subfield>
        <subfield code='t'>3</subfield>
        <subfield code='c'>1</subfield>
        <subfield code='o'>0</subfield>
        <subfield code='b'>00021495268</subfield>
        <subfield code='v'>new ser.:v.199(1978)</subfield>
      </datafield>
      <datafield ind1='9' ind2='1' tag='999'>
        <subfield code='i'>i1656830</subfield>
        <subfield code='l'>trln</subfield>
        <subfield code='s'>-</subfield>
        <subfield code='t'>3</subfield>
        <subfield code='c'>1</subfield>
        <subfield code='o'>0</subfield>
        <subfield code='b'>00021495277</subfield>
        <subfield code='v'>new ser.:v.200(1978)</subfield>
      </datafield>
      <datafield ind1='9' ind2='1' tag='999'>
        <subfield code='i'>i1656862</subfield>
        <subfield code='l'>trln</subfield>
        <subfield code='s'>-</subfield>
        <subfield code='t'>3</subfield>
        <subfield code='c'>1</subfield>
        <subfield code='o'>0</subfield>
        <subfield code='b'>00021495357</subfield>
        <subfield code='v'>new ser.:v.208(1980)</subfield>
      </datafield>
      <datafield ind1='9' ind2='1' tag='999'>
        <subfield code='i'>i1656866</subfield>
        <subfield code='l'>trln</subfield>
        <subfield code='s'>-</subfield>
        <subfield code='t'>3</subfield>
        <subfield code='c'>1</subfield>
        <subfield code='o'>0</subfield>
        <subfield code='b'>00021495366</subfield>
        <subfield code='v'>new ser.:v.209(1980)</subfield>
      </datafield>
      <datafield ind1='9' ind2='1' tag='999'>
        <subfield code='i'>i1656870</subfield>
        <subfield code='l'>trln</subfield>
        <subfield code='s'>-</subfield>
        <subfield code='t'>3</subfield>
        <subfield code='c'>1</subfield>
        <subfield code='o'>0</subfield>
        <subfield code='b'>00021495375</subfield>
        <subfield code='v'>new ser.:v.210(1980)</subfield>
      </datafield>
      <datafield ind1='9' ind2='1' tag='999'>
        <subfield code='i'>i1656874</subfield>
        <subfield code='l'>trln</subfield>
        <subfield code='s'>-</subfield>
        <subfield code='t'>3</subfield>
        <subfield code='c'>1</subfield>
        <subfield code='o'>0</subfield>
        <subfield code='b'>00021495384</subfield>
        <subfield code='v'>new ser.:v.211(1981)</subfield>
      </datafield>
      <datafield ind1='9' ind2='1' tag='999'>
        <subfield code='i'>i1656894</subfield>
        <subfield code='l'>trln</subfield>
        <subfield code='s'>-</subfield>
        <subfield code='t'>3</subfield>
        <subfield code='c'>1</subfield>
        <subfield code='o'>0</subfield>
        <subfield code='b'>00021495437</subfield>
        <subfield code='v'>new ser.:v.216(1982)</subfield>
      </datafield>
      <datafield ind1='9' ind2='1' tag='999'>
        <subfield code='i'>i1656898</subfield>
        <subfield code='l'>trln</subfield>
        <subfield code='s'>-</subfield>
        <subfield code='t'>3</subfield>
        <subfield code='c'>1</subfield>
        <subfield code='o'>0</subfield>
        <subfield code='b'>00021495446</subfield>
        <subfield code='v'>new ser.:v.217(1982)</subfield>
      </datafield>
      <datafield ind1='9' ind2='1' tag='999'>
        <subfield code='i'>i1657087</subfield>
        <subfield code='l'>trln</subfield>
        <subfield code='s'>-</subfield>
        <subfield code='t'>3</subfield>
        <subfield code='c'>1</subfield>
        <subfield code='o'>0</subfield>
        <subfield code='b'>00039527379</subfield>
        <subfield code='v'>new ser.:v.271(1996)</subfield>
      </datafield>
      <datafield ind1='9' ind2='1' tag='999'>
        <subfield code='i'>i1657090</subfield>
        <subfield code='l'>trln</subfield>
        <subfield code='s'>-</subfield>
        <subfield code='t'>3</subfield>
        <subfield code='c'>1</subfield>
        <subfield code='o'>0</subfield>
        <subfield code='b'>00039527388</subfield>
        <subfield code='v'>new ser.:v.272(1996)</subfield>
      </datafield>
      <datafield ind1='9' ind2='1' tag='999'>
        <subfield code='i'>i1657093</subfield>
        <subfield code='l'>trln</subfield>
        <subfield code='s'>-</subfield>
        <subfield code='t'>3</subfield>
        <subfield code='c'>1</subfield>
        <subfield code='o'>0</subfield>
        <subfield code='b'>00039527397</subfield>
        <subfield code='v'>new ser.:v.273(1996)</subfield>
      </datafield>
      <datafield ind1='9' ind2='1' tag='999'>
        <subfield code='i'>i1657095</subfield>
        <subfield code='l'>trln</subfield>
        <subfield code='s'>-</subfield>
        <subfield code='t'>3</subfield>
        <subfield code='c'>1</subfield>
        <subfield code='o'>0</subfield>
        <subfield code='b'>00039527404</subfield>
        <subfield code='v'>new ser.:v.274(1996)</subfield>
      </datafield>
      <datafield ind1='9' ind2='1' tag='999'>
        <subfield code='i'>i1657097</subfield>
        <subfield code='l'>trln</subfield>
        <subfield code='s'>-</subfield>
        <subfield code='t'>3</subfield>
        <subfield code='c'>1</subfield>
        <subfield code='o'>0</subfield>
        <subfield code='b'>00039527413</subfield>
        <subfield code='v'>new ser.:v.275(1997)</subfield>
      </datafield>
      <datafield ind1='9' ind2='1' tag='999'>
        <subfield code='i'>i1657099</subfield>
        <subfield code='l'>trln</subfield>
        <subfield code='s'>-</subfield>
        <subfield code='t'>3</subfield>
        <subfield code='c'>1</subfield>
        <subfield code='o'>0</subfield>
        <subfield code='b'>00039527422</subfield>
        <subfield code='v'>new ser.:v.276(1997)</subfield>
      </datafield>
      <datafield ind1='9' ind2='1' tag='999'>
        <subfield code='i'>i1656833</subfield>
        <subfield code='l'>trln</subfield>
        <subfield code='s'>-</subfield>
        <subfield code='t'>3</subfield>
        <subfield code='c'>1</subfield>
        <subfield code='o'>0</subfield>
        <subfield code='b'>00039344502</subfield>
        <subfield code='v'>new ser.:v.283:p.1-1072(1999)</subfield>
      </datafield>
      <datafield ind1='9' ind2='1' tag='999'>
        <subfield code='i'>i1656841</subfield>
        <subfield code='l'>trln</subfield>
        <subfield code='s'>-</subfield>
        <subfield code='t'>3</subfield>
        <subfield code='c'>1</subfield>
        <subfield code='o'>0</subfield>
        <subfield code='b'>00039344520</subfield>
        <subfield code='v'>new ser.:v.284:p.1-1076(1999)</subfield>
      </datafield>
      <datafield ind1='9' ind2='1' tag='999'>
        <subfield code='i'>i1656845</subfield>
        <subfield code='l'>trln</subfield>
        <subfield code='s'>-</subfield>
        <subfield code='t'>3</subfield>
        <subfield code='c'>1</subfield>
        <subfield code='o'>0</subfield>
        <subfield code='b'>00039344539</subfield>
        <subfield code='v'>new ser.:v.284:p.1077-1540(1999)</subfield>
      </datafield>
      <datafield ind1='9' ind2='1' tag='999'>
        <subfield code='i'>i1656849</subfield>
        <subfield code='l'>trln</subfield>
        <subfield code='s'>-</subfield>
        <subfield code='t'>3</subfield>
        <subfield code='c'>1</subfield>
        <subfield code='o'>0</subfield>
        <subfield code='b'>00039344548</subfield>
        <subfield code='v'>new ser.:v.285:p.1-972(1999)</subfield>
      </datafield>
      <datafield ind1='9' ind2='1' tag='999'>
        <subfield code='i'>i1656853</subfield>
        <subfield code='l'>trln</subfield>
        <subfield code='s'>-</subfield>
        <subfield code='t'>3</subfield>
        <subfield code='c'>1</subfield>
        <subfield code='o'>0</subfield>
        <subfield code='b'>00039344557</subfield>
        <subfield code='v'>new ser.:v.285:p.973-2184(1999)</subfield>
      </datafield>
      <datafield ind1='9' ind2='1' tag='999'>
        <subfield code='i'>i1656857</subfield>
        <subfield code='l'>trln</subfield>
        <subfield code='s'>-</subfield>
        <subfield code='t'>3</subfield>
        <subfield code='c'>1</subfield>
        <subfield code='o'>0</subfield>
        <subfield code='b'>00039344566</subfield>
        <subfield code='v'>new ser.:v.286:p.1-1244(1999)</subfield>
      </datafield>
      <datafield ind1='9' ind2='1' tag='999'>
        <subfield code='i'>i1656861</subfield>
        <subfield code='l'>trln</subfield>
        <subfield code='s'>-</subfield>
        <subfield code='t'>3</subfield>
        <subfield code='c'>1</subfield>
        <subfield code='o'>0</subfield>
        <subfield code='b'>00039344575</subfield>
        <subfield code='v'>new ser.:v.286:p.1245-2556(1999)</subfield>
      </datafield>
      <datafield ind1='9' ind2='1' tag='999'>
        <subfield code='i'>i1656865</subfield>
        <subfield code='l'>trln</subfield>
        <subfield code='s'>-</subfield>
        <subfield code='t'>3</subfield>
        <subfield code='c'>1</subfield>
        <subfield code='o'>0</subfield>
        <subfield code='b'>00039344584</subfield>
        <subfield code='v'>new ser.:v.287:p.1-1352(2000)</subfield>
      </datafield>
      <datafield ind1='9' ind2='1' tag='999'>
        <subfield code='i'>i1656869</subfield>
        <subfield code='l'>trln</subfield>
        <subfield code='s'>-</subfield>
        <subfield code='t'>3</subfield>
        <subfield code='c'>1</subfield>
        <subfield code='o'>0</subfield>
        <subfield code='b'>00039344593</subfield>
        <subfield code='v'>new ser.:v.287:p.1353-2568(2000)</subfield>
      </datafield>
      <datafield ind1='9' ind2='1' tag='999'>
        <subfield code='i'>i1656873</subfield>
        <subfield code='l'>trln</subfield>
        <subfield code='s'>-</subfield>
        <subfield code='t'>3</subfield>
        <subfield code='c'>1</subfield>
        <subfield code='o'>0</subfield>
        <subfield code='b'>00039344600</subfield>
        <subfield code='v'>new ser.:v.288:p.1-1124(2000)</subfield>
      </datafield>
      <datafield ind1='9' ind2='1' tag='999'>
        <subfield code='i'>i1656881</subfield>
        <subfield code='l'>trln</subfield>
        <subfield code='s'>-</subfield>
        <subfield code='t'>3</subfield>
        <subfield code='c'>1</subfield>
        <subfield code='o'>0</subfield>
        <subfield code='b'>00039344628</subfield>
        <subfield code='v'>new ser.:v.289:p.1-1096(2000)</subfield>
      </datafield>
      <datafield ind1='9' ind2='1' tag='999'>
        <subfield code='i'>i1656885</subfield>
        <subfield code='l'>trln</subfield>
        <subfield code='s'>-</subfield>
        <subfield code='t'>3</subfield>
        <subfield code='c'>1</subfield>
        <subfield code='o'>0</subfield>
        <subfield code='b'>00039344637</subfield>
        <subfield code='v'>new ser.:v.289:p.1097-2440(2000)</subfield>
      </datafield>
      <datafield ind1='9' ind2='1' tag='999'>
        <subfield code='i'>i1656889</subfield>
        <subfield code='l'>trln</subfield>
        <subfield code='s'>-</subfield>
        <subfield code='t'>3</subfield>
        <subfield code='c'>1</subfield>
        <subfield code='o'>0</subfield>
        <subfield code='b'>00039344646</subfield>
        <subfield code='v'>new ser.:v.290:p.1-1248(2000)</subfield>
      </datafield>
      <datafield ind1='9' ind2='1' tag='999'>
        <subfield code='i'>i1656893</subfield>
        <subfield code='l'>trln</subfield>
        <subfield code='s'>-</subfield>
        <subfield code='t'>3</subfield>
        <subfield code='c'>1</subfield>
        <subfield code='o'>0</subfield>
        <subfield code='b'>00039344655</subfield>
        <subfield code='v'>new ser.:v.290:p.1249-2372(2000)</subfield>
      </datafield>
      <datafield ind1='9' ind2='1' tag='999'>
        <subfield code='i'>i1656797</subfield>
        <subfield code='l'>trln</subfield>
        <subfield code='s'>-</subfield>
        <subfield code='t'>3</subfield>
        <subfield code='c'>1</subfield>
        <subfield code='o'>0</subfield>
        <subfield code='b'>00021495188</subfield>
        <subfield code='v'>new ser.:v.191(1976)</subfield>
      </datafield>
      <datafield ind1='9' ind2='1' tag='999'>
        <subfield code='i'>i1656803</subfield>
        <subfield code='l'>trln</subfield>
        <subfield code='s'>-</subfield>
        <subfield code='t'>3</subfield>
        <subfield code='c'>1</subfield>
        <subfield code='o'>0</subfield>
        <subfield code='b'>00021495197</subfield>
        <subfield code='v'>new ser.:v.192(1976)</subfield>
      </datafield>
      <datafield ind1='9' ind2='1' tag='999'>
        <subfield code='i'>i1656808</subfield>
        <subfield code='l'>trln</subfield>
        <subfield code='s'>-</subfield>
        <subfield code='t'>3</subfield>
        <subfield code='c'>1</subfield>
        <subfield code='o'>0</subfield>
        <subfield code='b'>00021495204</subfield>
        <subfield code='v'>new ser.:v.193(1976)</subfield>
      </datafield>
      <datafield ind1='9' ind2='1' tag='999'>
        <subfield code='i'>i1656811</subfield>
        <subfield code='l'>trln</subfield>
        <subfield code='s'>-</subfield>
        <subfield code='t'>3</subfield>
        <subfield code='c'>1</subfield>
        <subfield code='o'>0</subfield>
        <subfield code='b'>00021495213</subfield>
        <subfield code='v'>new ser.:v.194(1976)</subfield>
      </datafield>
      <datafield ind1='9' ind2='1' tag='999'>
        <subfield code='i'>i1656815</subfield>
        <subfield code='l'>trln</subfield>
        <subfield code='s'>-</subfield>
        <subfield code='t'>3</subfield>
        <subfield code='c'>1</subfield>
        <subfield code='o'>0</subfield>
        <subfield code='b'>00021495222</subfield>
        <subfield code='v'>new ser.:v.195(1977)</subfield>
      </datafield>
      <datafield ind1='9' ind2='1' tag='999'>
        <subfield code='i'>i1656818</subfield>
        <subfield code='l'>trln</subfield>
        <subfield code='s'>-</subfield>
        <subfield code='t'>3</subfield>
        <subfield code='c'>1</subfield>
        <subfield code='o'>0</subfield>
        <subfield code='b'>00021495231</subfield>
        <subfield code='v'>new ser.:v.196(1977)</subfield>
      </datafield>
      <datafield ind1='9' ind2='1' tag='999'>
        <subfield code='i'>i1656824</subfield>
        <subfield code='l'>trln</subfield>
        <subfield code='s'>-</subfield>
        <subfield code='t'>3</subfield>
        <subfield code='c'>1</subfield>
        <subfield code='o'>0</subfield>
        <subfield code='b'>00021495259</subfield>
        <subfield code='v'>new ser.:v.198(1977)</subfield>
      </datafield>
      <datafield ind1='9' ind2='1' tag='999'>
        <subfield code='i'>i1656834</subfield>
        <subfield code='l'>trln</subfield>
        <subfield code='s'>-</subfield>
        <subfield code='t'>3</subfield>
        <subfield code='c'>1</subfield>
        <subfield code='o'>0</subfield>
        <subfield code='b'>00021495286</subfield>
        <subfield code='v'>new ser.:v.201(1978)</subfield>
      </datafield>
      <datafield ind1='9' ind2='1' tag='999'>
        <subfield code='i'>i1656838</subfield>
        <subfield code='l'>trln</subfield>
        <subfield code='s'>-</subfield>
        <subfield code='t'>3</subfield>
        <subfield code='c'>1</subfield>
        <subfield code='o'>0</subfield>
        <subfield code='b'>00021495295</subfield>
        <subfield code='v'>new ser.:v.202(1978)</subfield>
      </datafield>
      <datafield ind1='9' ind2='1' tag='999'>
        <subfield code='i'>i1656842</subfield>
        <subfield code='l'>trln</subfield>
        <subfield code='s'>-</subfield>
        <subfield code='t'>3</subfield>
        <subfield code='c'>1</subfield>
        <subfield code='o'>0</subfield>
        <subfield code='b'>00021495302</subfield>
        <subfield code='v'>new ser.:v.203(1979)</subfield>
      </datafield>
      <datafield ind1='9' ind2='1' tag='999'>
        <subfield code='i'>i1656846</subfield>
        <subfield code='l'>trln</subfield>
        <subfield code='s'>-</subfield>
        <subfield code='t'>3</subfield>
        <subfield code='c'>1</subfield>
        <subfield code='o'>0</subfield>
        <subfield code='b'>00021495311</subfield>
        <subfield code='v'>new ser.:v.204(1979)</subfield>
      </datafield>
      <datafield ind1='9' ind2='1' tag='999'>
        <subfield code='i'>i1656850</subfield>
        <subfield code='l'>trln</subfield>
        <subfield code='s'>-</subfield>
        <subfield code='t'>3</subfield>
        <subfield code='c'>1</subfield>
        <subfield code='o'>0</subfield>
        <subfield code='b'>00021495320</subfield>
        <subfield code='v'>new ser.:v.205(1979)</subfield>
      </datafield>
      <datafield ind1='9' ind2='1' tag='999'>
        <subfield code='i'>i1656854</subfield>
        <subfield code='l'>trln</subfield>
        <subfield code='s'>-</subfield>
        <subfield code='t'>3</subfield>
        <subfield code='c'>1</subfield>
        <subfield code='o'>0</subfield>
        <subfield code='b'>00021495339</subfield>
        <subfield code='v'>new ser.:v.206(1979)</subfield>
      </datafield>
      <datafield ind1='9' ind2='1' tag='999'>
        <subfield code='i'>i1656890</subfield>
        <subfield code='l'>trln</subfield>
        <subfield code='s'>-</subfield>
        <subfield code='t'>3</subfield>
        <subfield code='c'>1</subfield>
        <subfield code='o'>0</subfield>
        <subfield code='b'>00021495428</subfield>
        <subfield code='v'>new ser.:v.215(1982)</subfield>
      </datafield>
      <datafield ind1='9' ind2='1' tag='999'>
        <subfield code='i'>i1656902</subfield>
        <subfield code='l'>trln</subfield>
        <subfield code='s'>-</subfield>
        <subfield code='t'>3</subfield>
        <subfield code='c'>1</subfield>
        <subfield code='o'>0</subfield>
        <subfield code='b'>00021495455</subfield>
        <subfield code='v'>new ser.:v.218(1982)</subfield>
      </datafield>
      <datafield ind1='9' ind2='1' tag='999'>
        <subfield code='i'>i1656906</subfield>
        <subfield code='l'>trln</subfield>
        <subfield code='s'>-</subfield>
        <subfield code='t'>3</subfield>
        <subfield code='c'>1</subfield>
        <subfield code='o'>0</subfield>
        <subfield code='b'>00021495464</subfield>
        <subfield code='v'>new ser.:v.219(1983)</subfield>
      </datafield>
      <datafield ind1='9' ind2='1' tag='999'>
        <subfield code='i'>i1656910</subfield>
        <subfield code='l'>trln</subfield>
        <subfield code='s'>-</subfield>
        <subfield code='t'>3</subfield>
        <subfield code='c'>1</subfield>
        <subfield code='o'>0</subfield>
        <subfield code='b'>00021495473</subfield>
        <subfield code='v'>new ser.:v.220(1983)</subfield>
      </datafield>
      <datafield ind1='9' ind2='1' tag='999'>
        <subfield code='i'>i1656914</subfield>
        <subfield code='l'>trln</subfield>
        <subfield code='s'>-</subfield>
        <subfield code='t'>3</subfield>
        <subfield code='c'>1</subfield>
        <subfield code='o'>0</subfield>
        <subfield code='b'>00021495482</subfield>
        <subfield code='v'>new ser.:v.221(1983)</subfield>
      </datafield>
      <datafield ind1='9' ind2='1' tag='999'>
        <subfield code='i'>i1656918</subfield>
        <subfield code='l'>trln</subfield>
        <subfield code='s'>-</subfield>
        <subfield code='t'>3</subfield>
        <subfield code='c'>1</subfield>
        <subfield code='o'>0</subfield>
        <subfield code='b'>00021495491</subfield>
        <subfield code='v'>new ser.:v.222(1983)</subfield>
      </datafield>
      <datafield ind1='9' ind2='1' tag='999'>
        <subfield code='i'>i1656954</subfield>
        <subfield code='l'>trln</subfield>
        <subfield code='s'>-</subfield>
        <subfield code='t'>3</subfield>
        <subfield code='c'>1</subfield>
        <subfield code='o'>0</subfield>
        <subfield code='b'>00021495589</subfield>
        <subfield code='v'>new ser.:v.231(1986)</subfield>
      </datafield>
      <datafield ind1='9' ind2='1' tag='999'>
        <subfield code='i'>i1656958</subfield>
        <subfield code='l'>trln</subfield>
        <subfield code='s'>-</subfield>
        <subfield code='t'>3</subfield>
        <subfield code='c'>1</subfield>
        <subfield code='o'>0</subfield>
        <subfield code='b'>00021495598</subfield>
        <subfield code='v'>new ser.:v.232(1986)</subfield>
      </datafield>
      <datafield ind1='9' ind2='1' tag='999'>
        <subfield code='i'>i1656962</subfield>
        <subfield code='l'>trln</subfield>
        <subfield code='s'>-</subfield>
        <subfield code='t'>3</subfield>
        <subfield code='c'>1</subfield>
        <subfield code='o'>0</subfield>
        <subfield code='b'>00021495605</subfield>
        <subfield code='v'>new ser.:v.233(1986)</subfield>
      </datafield>
      <datafield ind1='9' ind2='1' tag='999'>
        <subfield code='i'>i1656966</subfield>
        <subfield code='l'>trln</subfield>
        <subfield code='s'>-</subfield>
        <subfield code='t'>3</subfield>
        <subfield code='c'>1</subfield>
        <subfield code='o'>0</subfield>
        <subfield code='b'>00021495614</subfield>
        <subfield code='v'>new ser.:v.234(1986)</subfield>
      </datafield>
      <datafield ind1='9' ind2='1' tag='999'>
        <subfield code='i'>i1656970</subfield>
        <subfield code='l'>trln</subfield>
        <subfield code='s'>-</subfield>
        <subfield code='t'>3</subfield>
        <subfield code='c'>1</subfield>
        <subfield code='o'>0</subfield>
        <subfield code='b'>00021495623</subfield>
        <subfield code='v'>new ser.:v.235(1987)</subfield>
      </datafield>
      <datafield ind1='9' ind2='1' tag='999'>
        <subfield code='i'>i1656974</subfield>
        <subfield code='l'>trln</subfield>
        <subfield code='s'>-</subfield>
        <subfield code='t'>3</subfield>
        <subfield code='c'>1</subfield>
        <subfield code='o'>0</subfield>
        <subfield code='b'>00021495632</subfield>
        <subfield code='v'>new ser.:v.236(1987)</subfield>
      </datafield>
      <datafield ind1='9' ind2='1' tag='999'>
        <subfield code='i'>i1656978</subfield>
        <subfield code='l'>trln</subfield>
        <subfield code='s'>-</subfield>
        <subfield code='t'>3</subfield>
        <subfield code='c'>1</subfield>
        <subfield code='o'>0</subfield>
        <subfield code='b'>00021495641</subfield>
        <subfield code='v'>new ser.:v.237(1987)</subfield>
      </datafield>
      <datafield ind1='9' ind2='1' tag='999'>
        <subfield code='i'>i1657009</subfield>
        <subfield code='l'>trln</subfield>
        <subfield code='s'>-</subfield>
        <subfield code='t'>3</subfield>
        <subfield code='c'>1</subfield>
        <subfield code='o'>0</subfield>
        <subfield code='b'>00021495721</subfield>
        <subfield code='v'>new ser.:v.245(1989)</subfield>
      </datafield>
      <datafield ind1='9' ind2='1' tag='999'>
        <subfield code='i'>i1657012</subfield>
        <subfield code='l'>trln</subfield>
        <subfield code='s'>-</subfield>
        <subfield code='t'>3</subfield>
        <subfield code='c'>1</subfield>
        <subfield code='o'>0</subfield>
        <subfield code='b'>00021495730</subfield>
        <subfield code='v'>new ser.:v.246(1989)</subfield>
      </datafield>
      <datafield ind1='9' ind2='1' tag='999'>
        <subfield code='i'>i1657015</subfield>
        <subfield code='l'>trln</subfield>
        <subfield code='s'>-</subfield>
        <subfield code='t'>3</subfield>
        <subfield code='c'>1</subfield>
        <subfield code='o'>0</subfield>
        <subfield code='b'>00021495749</subfield>
        <subfield code='v'>new ser.:v.247(1990)</subfield>
      </datafield>
      <datafield ind1='9' ind2='1' tag='999'>
        <subfield code='i'>i1657018</subfield>
        <subfield code='l'>trln</subfield>
        <subfield code='s'>-</subfield>
        <subfield code='t'>3</subfield>
        <subfield code='c'>1</subfield>
        <subfield code='o'>0</subfield>
        <subfield code='b'>00021495758</subfield>
        <subfield code='v'>new ser.:v.248(1990)</subfield>
      </datafield>
      <datafield ind1='9' ind2='1' tag='999'>
        <subfield code='i'>i1657021</subfield>
        <subfield code='l'>trln</subfield>
        <subfield code='s'>-</subfield>
        <subfield code='t'>3</subfield>
        <subfield code='c'>1</subfield>
        <subfield code='o'>0</subfield>
        <subfield code='b'>00021495767</subfield>
        <subfield code='v'>new ser.:v.249(1990)</subfield>
      </datafield>
      <datafield ind1='9' ind2='1' tag='999'>
        <subfield code='i'>i1657024</subfield>
        <subfield code='l'>trln</subfield>
        <subfield code='s'>-</subfield>
        <subfield code='t'>3</subfield>
        <subfield code='c'>1</subfield>
        <subfield code='o'>0</subfield>
        <subfield code='b'>00021495776</subfield>
        <subfield code='v'>new ser.:v.250(1990)</subfield>
      </datafield>
      <datafield ind1='9' ind2='1' tag='999'>
        <subfield code='i'>i1657027</subfield>
        <subfield code='l'>trln</subfield>
        <subfield code='s'>-</subfield>
        <subfield code='t'>3</subfield>
        <subfield code='c'>1</subfield>
        <subfield code='o'>0</subfield>
        <subfield code='b'>00021495785</subfield>
        <subfield code='v'>new ser.:v.251(1991)</subfield>
      </datafield>
      <datafield ind1='9' ind2='1' tag='999'>
        <subfield code='i'>i1657030</subfield>
        <subfield code='l'>trln</subfield>
        <subfield code='s'>-</subfield>
        <subfield code='t'>3</subfield>
        <subfield code='c'>1</subfield>
        <subfield code='o'>0</subfield>
        <subfield code='b'>00021495794</subfield>
        <subfield code='v'>new ser.:v.252(1991)</subfield>
      </datafield>
      <datafield ind1='9' ind2='1' tag='999'>
        <subfield code='i'>i1657033</subfield>
        <subfield code='l'>trln</subfield>
        <subfield code='s'>-</subfield>
        <subfield code='t'>3</subfield>
        <subfield code='c'>1</subfield>
        <subfield code='o'>0</subfield>
        <subfield code='b'>00021495801</subfield>
        <subfield code='v'>new ser.:v.253(1991)</subfield>
      </datafield>
      <datafield ind1='9' ind2='1' tag='999'>
        <subfield code='i'>i1657036</subfield>
        <subfield code='l'>trln</subfield>
        <subfield code='s'>-</subfield>
        <subfield code='t'>3</subfield>
        <subfield code='c'>1</subfield>
        <subfield code='o'>0</subfield>
        <subfield code='b'>00021495810</subfield>
        <subfield code='v'>new ser.:v.254(1991)</subfield>
      </datafield>
      <datafield ind1='9' ind2='1' tag='999'>
        <subfield code='i'>i1657039</subfield>
        <subfield code='l'>trln</subfield>
        <subfield code='s'>-</subfield>
        <subfield code='t'>3</subfield>
        <subfield code='c'>1</subfield>
        <subfield code='o'>0</subfield>
        <subfield code='b'>00021495829</subfield>
        <subfield code='v'>new ser.:v.255(1992)</subfield>
      </datafield>
      <datafield ind1='9' ind2='1' tag='999'>
        <subfield code='i'>i1657042</subfield>
        <subfield code='l'>trln</subfield>
        <subfield code='s'>-</subfield>
        <subfield code='t'>3</subfield>
        <subfield code='c'>1</subfield>
        <subfield code='o'>0</subfield>
        <subfield code='b'>00021495838</subfield>
        <subfield code='v'>new ser.:v.256(1992)</subfield>
      </datafield>
      <datafield ind1='9' ind2='1' tag='999'>
        <subfield code='i'>i1657045</subfield>
        <subfield code='l'>trln</subfield>
        <subfield code='s'>-</subfield>
        <subfield code='t'>3</subfield>
        <subfield code='c'>1</subfield>
        <subfield code='o'>0</subfield>
        <subfield code='b'>00021495847</subfield>
        <subfield code='v'>new ser.:v.257(1992)</subfield>
      </datafield>
      <datafield ind1='9' ind2='1' tag='999'>
        <subfield code='i'>i1657048</subfield>
        <subfield code='l'>trln</subfield>
        <subfield code='s'>-</subfield>
        <subfield code='t'>3</subfield>
        <subfield code='c'>1</subfield>
        <subfield code='o'>0</subfield>
        <subfield code='b'>00021495856</subfield>
        <subfield code='v'>new ser.:v.258(1992)</subfield>
      </datafield>
      <datafield ind1='9' ind2='1' tag='999'>
        <subfield code='i'>i1657069</subfield>
        <subfield code='l'>trln</subfield>
        <subfield code='s'>-</subfield>
        <subfield code='t'>3</subfield>
        <subfield code='c'>1</subfield>
        <subfield code='o'>0</subfield>
        <subfield code='b'>00021495927</subfield>
        <subfield code='v'>new ser.:v.265(1994)</subfield>
      </datafield>
      <datafield ind1='9' ind2='1' tag='999'>
        <subfield code='i'>i1657072</subfield>
        <subfield code='l'>trln</subfield>
        <subfield code='s'>-</subfield>
        <subfield code='t'>3</subfield>
        <subfield code='c'>1</subfield>
        <subfield code='o'>0</subfield>
        <subfield code='b'>00021495936</subfield>
        <subfield code='v'>new ser.:v.266(1994)</subfield>
      </datafield>
      <datafield ind1='9' ind2='1' tag='999'>
        <subfield code='i'>i1657075</subfield>
        <subfield code='l'>trln</subfield>
        <subfield code='s'>-</subfield>
        <subfield code='t'>3</subfield>
        <subfield code='c'>1</subfield>
        <subfield code='o'>0</subfield>
        <subfield code='b'>00021495945</subfield>
        <subfield code='v'>new ser.:v.267(1995)</subfield>
      </datafield>
      <datafield ind1='9' ind2='1' tag='999'>
        <subfield code='i'>i1657078</subfield>
        <subfield code='l'>trln</subfield>
        <subfield code='s'>-</subfield>
        <subfield code='t'>3</subfield>
        <subfield code='c'>1</subfield>
        <subfield code='o'>0</subfield>
        <subfield code='b'>00021495954</subfield>
        <subfield code='v'>new ser.:v.268(1995)</subfield>
      </datafield>
      <datafield ind1='9' ind2='1' tag='999'>
        <subfield code='i'>i1657081</subfield>
        <subfield code='l'>trln</subfield>
        <subfield code='s'>-</subfield>
        <subfield code='t'>3</subfield>
        <subfield code='c'>1</subfield>
        <subfield code='o'>0</subfield>
        <subfield code='b'>00021495963</subfield>
        <subfield code='v'>new ser.:v.269(1995)</subfield>
      </datafield>
      <datafield ind1='9' ind2='1' tag='999'>
        <subfield code='i'>i1657084</subfield>
        <subfield code='l'>trln</subfield>
        <subfield code='s'>-</subfield>
        <subfield code='t'>3</subfield>
        <subfield code='c'>1</subfield>
        <subfield code='o'>0</subfield>
        <subfield code='b'>00021495972</subfield>
        <subfield code='v'>new ser.:v.270(1995)</subfield>
      </datafield>
      <datafield ind1='9' ind2='1' tag='999'>
        <subfield code='i'>i1656837</subfield>
        <subfield code='l'>trln</subfield>
        <subfield code='s'>-</subfield>
        <subfield code='t'>3</subfield>
        <subfield code='c'>1</subfield>
        <subfield code='o'>0</subfield>
        <subfield code='b'>00039344511</subfield>
        <subfield code='v'>new ser.:v.283:p.1073-2180(1999)</subfield>
      </datafield>
      <datafield ind1='9' ind2='1' tag='999'>
        <subfield code='i'>i1656877</subfield>
        <subfield code='l'>trln</subfield>
        <subfield code='s'>-</subfield>
        <subfield code='t'>3</subfield>
        <subfield code='c'>1</subfield>
        <subfield code='o'>0</subfield>
        <subfield code='b'>00039344619</subfield>
        <subfield code='v'>new ser.:v.288:p.1125-2412(2000)</subfield>
      </datafield>
      <datafield ind1='9' ind2='1' tag='999'>
        <subfield code='i'>i1657006</subfield>
        <subfield code='l'>trln</subfield>
        <subfield code='s'>-</subfield>
        <subfield code='t'>3</subfield>
        <subfield code='c'>1</subfield>
        <subfield code='o'>0</subfield>
        <subfield code='b'>00021495712</subfield>
        <subfield code='v'>new ser.:v.244(1989)</subfield>
      </datafield>
      <datafield ind1='9' ind2='1' tag='999'>
        <subfield code='i'>i1657102</subfield>
        <subfield code='l'>trln</subfield>
        <subfield code='s'>-</subfield>
        <subfield code='t'>3</subfield>
        <subfield code='c'>1</subfield>
        <subfield code='o'>0</subfield>
        <subfield code='b'>00023371726</subfield>
        <subfield code='v'>new ser.:v.277(1997)</subfield>
      </datafield>
      <datafield ind1='9' ind2='1' tag='999'>
        <subfield code='i'>i1657104</subfield>
        <subfield code='l'>trln</subfield>
        <subfield code='s'>-</subfield>
        <subfield code='t'>3</subfield>
        <subfield code='c'>1</subfield>
        <subfield code='o'>0</subfield>
        <subfield code='b'>00023371735</subfield>
        <subfield code='v'>new ser.:v.278(1997)</subfield>
      </datafield>
      <datafield ind1='9' ind2='1' tag='999'>
        <subfield code='i'>i1657106</subfield>
        <subfield code='l'>trln</subfield>
        <subfield code='s'>-</subfield>
        <subfield code='t'>3</subfield>
        <subfield code='c'>1</subfield>
        <subfield code='o'>0</subfield>
        <subfield code='b'>00023371744</subfield>
        <subfield code='v'>new ser.:v.279(1998)</subfield>
      </datafield>
      <datafield ind1='9' ind2='1' tag='999'>
        <subfield code='i'>i1657108</subfield>
        <subfield code='l'>trln</subfield>
        <subfield code='s'>-</subfield>
        <subfield code='t'>3</subfield>
        <subfield code='c'>1</subfield>
        <subfield code='o'>0</subfield>
        <subfield code='b'>00023371753</subfield>
        <subfield code='v'>new ser.:v.280:p.1-1156(1998)</subfield>
      </datafield>
      <datafield ind1='9' ind2='1' tag='999'>
        <subfield code='i'>i1657110</subfield>
        <subfield code='l'>trln</subfield>
        <subfield code='s'>-</subfield>
        <subfield code='t'>3</subfield>
        <subfield code='c'>1</subfield>
        <subfield code='o'>0</subfield>
        <subfield code='b'>00023371762</subfield>
        <subfield code='v'>new ser.:v.280:p.1157-2176(1998)</subfield>
      </datafield>
      <datafield ind1='9' ind2='1' tag='999'>
        <subfield code='i'>i1657112</subfield>
        <subfield code='l'>trln</subfield>
        <subfield code='s'>-</subfield>
        <subfield code='t'>3</subfield>
        <subfield code='c'>1</subfield>
        <subfield code='o'>0</subfield>
        <subfield code='b'>00023371771</subfield>
        <subfield code='v'>new ser.:v.281:p.1-1100(1998)</subfield>
      </datafield>
      <datafield ind1='9' ind2='1' tag='999'>
        <subfield code='i'>i1657114</subfield>
        <subfield code='l'>trln</subfield>
        <subfield code='s'>-</subfield>
        <subfield code='t'>3</subfield>
        <subfield code='c'>1</subfield>
        <subfield code='o'>0</subfield>
        <subfield code='b'>00023371780</subfield>
        <subfield code='v'>new ser.:v.281:p.1101-2092(1998)</subfield>
      </datafield>
      <datafield ind1='9' ind2='1' tag='999'>
        <subfield code='i'>i1657116</subfield>
        <subfield code='l'>trln</subfield>
        <subfield code='s'>-</subfield>
        <subfield code='t'>3</subfield>
        <subfield code='c'>1</subfield>
        <subfield code='o'>0</subfield>
        <subfield code='b'>00023371799</subfield>
        <subfield code='v'>new ser.:v.282:p.1-1216(1998)</subfield>
      </datafield>
      <datafield ind1='9' ind2='1' tag='999'>
        <subfield code='i'>i1657118</subfield>
        <subfield code='l'>trln</subfield>
        <subfield code='s'>-</subfield>
        <subfield code='t'>3</subfield>
        <subfield code='c'>1</subfield>
        <subfield code='o'>0</subfield>
        <subfield code='b'>00023371806</subfield>
        <subfield code='v'>new ser.:v.282:p.1217-2336(1998)</subfield>
      </datafield>
      <datafield ind1='9' ind2='1' tag='999'>
        <subfield code='i'>i1656858</subfield>
        <subfield code='l'>trln</subfield>
        <subfield code='s'>-</subfield>
        <subfield code='t'>3</subfield>
        <subfield code='c'>1</subfield>
        <subfield code='o'>0</subfield>
        <subfield code='b'>00021495348</subfield>
        <subfield code='v'>new ser.:v.207(1980)</subfield>
      </datafield>
      <datafield ind1='9' ind2='1' tag='999'>
        <subfield code='i'>i1656878</subfield>
        <subfield code='l'>trln</subfield>
        <subfield code='s'>-</subfield>
        <subfield code='t'>3</subfield>
        <subfield code='c'>1</subfield>
        <subfield code='o'>0</subfield>
        <subfield code='b'>00021495393</subfield>
        <subfield code='v'>new ser.:v.212(1981)</subfield>
      </datafield>
      <datafield ind1='9' ind2='1' tag='999'>
        <subfield code='i'>i1656882</subfield>
        <subfield code='l'>trln</subfield>
        <subfield code='s'>-</subfield>
        <subfield code='t'>3</subfield>
        <subfield code='c'>1</subfield>
        <subfield code='o'>1</subfield>
        <subfield code='b'>00021495400</subfield>
        <subfield code='v'>new ser.:v.213(1981)</subfield>
      </datafield>
      <datafield ind1='9' ind2='1' tag='999'>
        <subfield code='i'>i1656886</subfield>
        <subfield code='l'>trln</subfield>
        <subfield code='s'>-</subfield>
        <subfield code='t'>3</subfield>
        <subfield code='c'>1</subfield>
        <subfield code='o'>0</subfield>
        <subfield code='b'>00021495419</subfield>
        <subfield code='v'>new ser.:v.214(1981)</subfield>
      </datafield>
      <datafield ind1='9' ind2='1' tag='999'>
        <subfield code='i'>i1657051</subfield>
        <subfield code='l'>trln</subfield>
        <subfield code='s'>-</subfield>
        <subfield code='t'>3</subfield>
        <subfield code='c'>1</subfield>
        <subfield code='o'>0</subfield>
        <subfield code='b'>00021495865</subfield>
        <subfield code='v'>new ser.:v.259(1993)</subfield>
      </datafield>
      <datafield ind1='9' ind2='1' tag='999'>
        <subfield code='i'>i1657054</subfield>
        <subfield code='l'>trln</subfield>
        <subfield code='s'>-</subfield>
        <subfield code='t'>3</subfield>
        <subfield code='c'>1</subfield>
        <subfield code='o'>0</subfield>
        <subfield code='b'>00021495874</subfield>
        <subfield code='v'>new ser.:v.260(1993)</subfield>
      </datafield>
      <datafield ind1='9' ind2='1' tag='999'>
        <subfield code='i'>i1657057</subfield>
        <subfield code='l'>trln</subfield>
        <subfield code='s'>-</subfield>
        <subfield code='t'>3</subfield>
        <subfield code='c'>1</subfield>
        <subfield code='o'>0</subfield>
        <subfield code='b'>00021495883</subfield>
        <subfield code='v'>new ser.:v.261(1993)</subfield>
      </datafield>
      <datafield ind1='9' ind2='1' tag='999'>
        <subfield code='i'>i1657060</subfield>
        <subfield code='l'>trln</subfield>
        <subfield code='s'>-</subfield>
        <subfield code='t'>3</subfield>
        <subfield code='c'>1</subfield>
        <subfield code='o'>0</subfield>
        <subfield code='b'>00021495892</subfield>
        <subfield code='v'>new ser.:v.262(1993)</subfield>
      </datafield>
      <datafield ind1='9' ind2='1' tag='999'>
        <subfield code='i'>i1657063</subfield>
        <subfield code='l'>trln</subfield>
        <subfield code='s'>-</subfield>
        <subfield code='t'>3</subfield>
        <subfield code='c'>1</subfield>
        <subfield code='o'>0</subfield>
        <subfield code='b'>00021495909</subfield>
        <subfield code='v'>new ser.:v.263(1994)</subfield>
      </datafield>
      <datafield ind1='9' ind2='1' tag='999'>
        <subfield code='i'>i1657066</subfield>
        <subfield code='l'>trln</subfield>
        <subfield code='s'>-</subfield>
        <subfield code='t'>3</subfield>
        <subfield code='c'>1</subfield>
        <subfield code='o'>0</subfield>
        <subfield code='b'>00021495918</subfield>
        <subfield code='v'>new ser.:v.264(1994)</subfield>
      </datafield>
      <datafield ind1='9' ind2='1' tag='999'>
        <subfield code='i'>i6741515</subfield>
        <subfield code='l'>trln</subfield>
        <subfield code='s'>-</subfield>
        <subfield code='t'>3</subfield>
        <subfield code='c'>1</subfield>
        <subfield code='o'>0</subfield>
        <subfield code='b'>10003246060</subfield>
        <subfield code='v'>new ser.:v.314(Oct.-Nov.10, 2006)</subfield>
      </datafield>
      <datafield ind1='9' ind2='1' tag='999'>
        <subfield code='i'>i6741533</subfield>
        <subfield code='l'>trln</subfield>
        <subfield code='s'>-</subfield>
        <subfield code='t'>3</subfield>
        <subfield code='c'>1</subfield>
        <subfield code='o'>0</subfield>
        <subfield code='b'>10003246079</subfield>
        <subfield code='v'>new ser.:v.314(Nov.17-Dec. 2006)</subfield>
      </datafield>
      <datafield ind1='9' ind2='1' tag='999'>
        <subfield code='i'>i6794655</subfield>
        <subfield code='l'>trln</subfield>
        <subfield code='s'>-</subfield>
        <subfield code='t'>3</subfield>
        <subfield code='c'>1</subfield>
        <subfield code='o'>0</subfield>
        <subfield code='b'>10001061468</subfield>
        <subfield code='v'>new ser.:v.315(Jan.-Feb.16, 2007)</subfield>
      </datafield>
      <datafield ind1='9' ind2='1' tag='999'>
        <subfield code='i'>i6794670</subfield>
        <subfield code='l'>trln</subfield>
        <subfield code='s'>-</subfield>
        <subfield code='t'>3</subfield>
        <subfield code='c'>1</subfield>
        <subfield code='o'>0</subfield>
        <subfield code='b'>10001061459</subfield>
        <subfield code='v'>new ser.:v.315(Feb.23-Mar. 2007)</subfield>
      </datafield>
      <datafield ind1='9' ind2='1' tag='999'>
        <subfield code='i'>i9712933</subfield>
        <subfield code='l'>trln</subfield>
        <subfield code='s'>-</subfield>
        <subfield code='t'>3</subfield>
        <subfield code='c'>1</subfield>
        <subfield code='o'>0</subfield>
        <subfield code='b'>00043430778</subfield>
        <subfield code='v'>new ser.:v.335(Jan.-Feb. 2012)</subfield>
      </datafield>
      <datafield ind1='9' ind2='1' tag='999'>
        <subfield code='i'>i9712934</subfield>
        <subfield code='l'>trln</subfield>
        <subfield code='s'>-</subfield>
        <subfield code='t'>3</subfield>
        <subfield code='c'>1</subfield>
        <subfield code='o'>0</subfield>
        <subfield code='b'>00043430135</subfield>
        <subfield code='v'>new ser.:v.335-336(Mar.-Apr. 2012)</subfield>
      </datafield>
      <datafield ind1='9' ind2='1' tag='999'>
        <subfield code='i'>i9791020</subfield>
        <subfield code='l'>trln</subfield>
        <subfield code='s'>-</subfield>
        <subfield code='t'>3</subfield>
        <subfield code='c'>1</subfield>
        <subfield code='o'>0</subfield>
        <subfield code='b'>00037894261</subfield>
        <subfield code='v'>new ser.:v.336(May-June 2012)</subfield>
      </datafield>
      <datafield ind1='9' ind2='1' tag='999'>
        <subfield code='i'>i9903864</subfield>
        <subfield code='l'>trln</subfield>
        <subfield code='s'>-</subfield>
        <subfield code='t'>3</subfield>
        <subfield code='c'>1</subfield>
        <subfield code='o'>0</subfield>
        <subfield code='b'>00043443504</subfield>
        <subfield code='v'>new ser.:v.337(July-Aug. 2012)</subfield>
      </datafield>
      <datafield ind1='9' ind2='1' tag='999'>
        <subfield code='i'>i9903866</subfield>
        <subfield code='l'>trln</subfield>
        <subfield code='s'>-</subfield>
        <subfield code='t'>3</subfield>
        <subfield code='c'>1</subfield>
        <subfield code='o'>0</subfield>
        <subfield code='b'>00043443513</subfield>
        <subfield code='v'>new ser.:v.337-338(Sept.-Oct .2012)</subfield>
      </datafield>
      <datafield ind1='9' ind2='1' tag='999'>
        <subfield code='i'>i10025408</subfield>
        <subfield code='l'>trln</subfield>
        <subfield code='s'>-</subfield>
        <subfield code='t'>3</subfield>
        <subfield code='c'>1</subfield>
        <subfield code='o'>0</subfield>
        <subfield code='b'>00043431223</subfield>
        <subfield code='v'>new ser.:v.338(2012)</subfield>
      </datafield>
      <datafield ind1='9' ind2='1' tag='999'>
        <subfield code='i'>i10070695</subfield>
        <subfield code='l'>trln</subfield>
        <subfield code='s'>-</subfield>
        <subfield code='t'>3</subfield>
        <subfield code='c'>1</subfield>
        <subfield code='o'>0</subfield>
        <subfield code='b'>00043443112</subfield>
        <subfield code='v'>new ser.:v.339(2013)</subfield>
      </datafield>
      <datafield ind1='9' ind2='1' tag='999'>
        <subfield code='i'>i10116330</subfield>
        <subfield code='l'>trln</subfield>
        <subfield code='s'>-</subfield>
        <subfield code='t'>3</subfield>
        <subfield code='c'>1</subfield>
        <subfield code='o'>0</subfield>
        <subfield code='b'>00032482714</subfield>
        <subfield code='v'>new ser.:v.339-340(2013)</subfield>
      </datafield>
      <datafield ind1='9' ind2='1' tag='999'>
        <subfield code='i'>i1656835</subfield>
        <subfield code='l'>trln</subfield>
        <subfield code='s'>-</subfield>
        <subfield code='t'>3</subfield>
        <subfield code='c'>1</subfield>
        <subfield code='o'>2</subfield>
        <subfield code='b'>10000959474</subfield>
        <subfield code='v'>new ser.:v.259(Jan.-Feb. 1993)</subfield>
      </datafield>
      <datafield ind1='9' ind2='1' tag='999'>
        <subfield code='i'>i1656839</subfield>
        <subfield code='l'>trln</subfield>
        <subfield code='s'>-</subfield>
        <subfield code='t'>3</subfield>
        <subfield code='c'>1</subfield>
        <subfield code='o'>5</subfield>
        <subfield code='b'>10000903685</subfield>
        <subfield code='v'>new ser.:v.259(Mar. 1993)</subfield>
      </datafield>
      <datafield ind1='9' ind2='1' tag='999'>
        <subfield code='i'>i1656863</subfield>
        <subfield code='l'>trln</subfield>
        <subfield code='s'>-</subfield>
        <subfield code='t'>3</subfield>
        <subfield code='c'>1</subfield>
        <subfield code='o'>18</subfield>
        <subfield code='b'>10001574182</subfield>
        <subfield code='v'>new ser.:v.265(1994)</subfield>
      </datafield>
      <datafield ind1='9' ind2='1' tag='999'>
        <subfield code='i'>i1656903</subfield>
        <subfield code='l'>trln</subfield>
        <subfield code='s'>-</subfield>
        <subfield code='t'>3</subfield>
        <subfield code='c'>1</subfield>
        <subfield code='o'>11</subfield>
        <subfield code='b'>10002107122</subfield>
        <subfield code='v'>new ser.:v.275(1997)</subfield>
      </datafield>
      <datafield ind1='9' ind2='1' tag='999'>
        <subfield code='i'>i1657046</subfield>
        <subfield code='l'>trln</subfield>
        <subfield code='s'>-</subfield>
        <subfield code='t'>3</subfield>
        <subfield code='c'>1</subfield>
        <subfield code='o'>1</subfield>
        <subfield code='b'>10003018173</subfield>
        <subfield code='v'>new ser.:v.297(July -Aug.9, 2002)</subfield>
      </datafield>
      <datafield ind1='9' ind2='1' tag='999'>
        <subfield code='i'>i1657049</subfield>
        <subfield code='l'>trln</subfield>
        <subfield code='s'>-</subfield>
        <subfield code='t'>3</subfield>
        <subfield code='c'>1</subfield>
        <subfield code='o'>1</subfield>
        <subfield code='b'>10003018164</subfield>
        <subfield code='v'>new ser.:v.297(Aug.16-Sept.2002)</subfield>
      </datafield>
      <datafield ind1='9' ind2='1' tag='999'>
        <subfield code='i'>i6428882</subfield>
        <subfield code='l'>trln</subfield>
        <subfield code='s'>-</subfield>
        <subfield code='t'>3</subfield>
        <subfield code='c'>1</subfield>
        <subfield code='o'>0</subfield>
        <subfield code='b'>10003242386</subfield>
        <subfield code='v'>new ser.:v.311(Jan.- Feb.10, 2006)</subfield>
      </datafield>
      <datafield ind1='9' ind2='1' tag='999'>
        <subfield code='i'>i6428884</subfield>
        <subfield code='l'>trln</subfield>
        <subfield code='s'>-</subfield>
        <subfield code='t'>3</subfield>
        <subfield code='c'>1</subfield>
        <subfield code='o'>0</subfield>
        <subfield code='b'>10003242643</subfield>
        <subfield code='v'>new ser.:v.311(Feb.17-Mar. 2006)</subfield>
      </datafield>
      <datafield ind1='9' ind2='1' tag='999'>
        <subfield code='i'>i6472245</subfield>
        <subfield code='l'>trln</subfield>
        <subfield code='s'>-</subfield>
        <subfield code='t'>3</subfield>
        <subfield code='c'>1</subfield>
        <subfield code='o'>0</subfield>
        <subfield code='b'>10003242821</subfield>
        <subfield code='v'>new ser.:v.312(Apr.-May 19, 2006)</subfield>
      </datafield>
      <datafield ind1='9' ind2='1' tag='999'>
        <subfield code='i'>i6472249</subfield>
        <subfield code='l'>trln</subfield>
        <subfield code='s'>-</subfield>
        <subfield code='t'>3</subfield>
        <subfield code='c'>1</subfield>
        <subfield code='o'>0</subfield>
        <subfield code='b'>10003242812</subfield>
        <subfield code='v'>new ser.:v.312(May 26-June 2006)</subfield>
      </datafield>
      <datafield ind1='9' ind2='1' tag='999'>
        <subfield code='i'>i6513567</subfield>
        <subfield code='l'>trln</subfield>
        <subfield code='s'>-</subfield>
        <subfield code='t'>3</subfield>
        <subfield code='c'>1</subfield>
        <subfield code='o'>0</subfield>
        <subfield code='b'>10003244945</subfield>
        <subfield code='v'>new ser.:v.313(July-Aug.18, 2006)</subfield>
      </datafield>
      <datafield ind1='9' ind2='1' tag='999'>
        <subfield code='i'>i6513569</subfield>
        <subfield code='l'>trln</subfield>
        <subfield code='s'>-</subfield>
        <subfield code='t'>3</subfield>
        <subfield code='c'>1</subfield>
        <subfield code='o'>0</subfield>
        <subfield code='b'>10003244963</subfield>
        <subfield code='v'>new ser.:v.313(Aug.25-Sept. 2006)</subfield>
      </datafield>
      <datafield ind1='9' ind2='1' tag='999'>
        <subfield code='i'>i10777361</subfield>
        <subfield code='l'>trln</subfield>
        <subfield code='s'>-</subfield>
        <subfield code='t'>3</subfield>
        <subfield code='c'>1</subfield>
        <subfield code='o'>0</subfield>
        <subfield code='b'>00037896955</subfield>
        <subfield code='v'>new ser.:v.343(2014)</subfield>
      </datafield>
      <datafield ind1='9' ind2='1' tag='999'>
        <subfield code='i'>i10777363</subfield>
        <subfield code='l'>trln</subfield>
        <subfield code='s'>-</subfield>
        <subfield code='t'>3</subfield>
        <subfield code='c'>1</subfield>
        <subfield code='o'>0</subfield>
        <subfield code='b'>00037896937</subfield>
        <subfield code='v'>new ser.:v.345(July-Aug. 2014)</subfield>
      </datafield>
      <datafield ind1='9' ind2='1' tag='999'>
        <subfield code='i'>i10777365</subfield>
        <subfield code='l'>trln</subfield>
        <subfield code='s'>-</subfield>
        <subfield code='t'>3</subfield>
        <subfield code='c'>1</subfield>
        <subfield code='o'>0</subfield>
        <subfield code='b'>00037896928</subfield>
        <subfield code='v'>new ser.:v.345(Sept. 2014)</subfield>
      </datafield>
      <datafield ind1='9' ind2='1' tag='999'>
        <subfield code='i'>i10777366</subfield>
        <subfield code='l'>trln</subfield>
        <subfield code='s'>-</subfield>
        <subfield code='t'>3</subfield>
        <subfield code='c'>1</subfield>
        <subfield code='o'>0</subfield>
        <subfield code='b'>00037896919</subfield>
        <subfield code='v'>new ser.:v.346(2014)</subfield>
      </datafield>
      <datafield ind1='9' ind2='1' tag='999'>
        <subfield code='i'>i10777362</subfield>
        <subfield code='l'>trln</subfield>
        <subfield code='s'>-</subfield>
        <subfield code='t'>3</subfield>
        <subfield code='c'>1</subfield>
        <subfield code='o'>0</subfield>
        <subfield code='b'>00037896946</subfield>
        <subfield code='v'>new ser.:v.344(2014)</subfield>
      </datafield>
      <datafield ind1='9' ind2='1' tag='999'>
        <subfield code='i'>i10951218</subfield>
        <subfield code='l'>trln</subfield>
        <subfield code='s'>-</subfield>
        <subfield code='t'>3</subfield>
        <subfield code='c'>1</subfield>
        <subfield code='o'>0</subfield>
        <subfield code='b'>00048370145</subfield>
        <subfield code='v'>new ser.:v.347(2015)</subfield>
      </datafield>
      <datafield ind1='9' ind2='1' tag='999'>
        <subfield code='i'>i11012453</subfield>
        <subfield code='l'>trln</subfield>
        <subfield code='s'>-</subfield>
        <subfield code='t'>3</subfield>
        <subfield code='c'>1</subfield>
        <subfield code='o'>0</subfield>
        <subfield code='b'>00050385297</subfield>
        <subfield code='v'>new ser.:v.348(2015)</subfield>
      </datafield>
      <datafield ind1='9' ind2='1' tag='999'>
        <subfield code='i'>i11055236</subfield>
        <subfield code='l'>trln</subfield>
        <subfield code='s'>-</subfield>
        <subfield code='t'>3</subfield>
        <subfield code='c'>1</subfield>
        <subfield code='o'>0</subfield>
        <subfield code='b'>00050397523</subfield>
        <subfield code='v'>new ser.:v.349(2015)</subfield>
      </datafield>
      <datafield ind1='9' ind2='1' tag='999'>
        <subfield code='i'>i9237202</subfield>
        <subfield code='l'>trln</subfield>
        <subfield code='s'>-</subfield>
        <subfield code='t'>3</subfield>
        <subfield code='c'>1</subfield>
        <subfield code='o'>0</subfield>
        <subfield code='b'>00042637673</subfield>
        <subfield code='p'>090##</subfield>
        <subfield code='q'>|aQ1|b.S35</subfield>
        <subfield code='v'>new ser.:v.9(1899)</subfield>
      </datafield>
      <datafield ind1='9' ind2='1' tag='999'>
        <subfield code='i'>i9237259</subfield>
        <subfield code='l'>trln</subfield>
        <subfield code='s'>-</subfield>
        <subfield code='t'>3</subfield>
        <subfield code='c'>1</subfield>
        <subfield code='o'>0</subfield>
        <subfield code='b'>00042638011</subfield>
        <subfield code='p'>090##</subfield>
        <subfield code='q'>|aQ1|b.S35</subfield>
        <subfield code='v'>new ser.:v.43(1916)</subfield>
      </datafield>
      <datafield ind1='9' ind2='1' tag='999'>
        <subfield code='i'>i9237081</subfield>
        <subfield code='l'>trln</subfield>
        <subfield code='s'>-</subfield>
        <subfield code='t'>3</subfield>
        <subfield code='c'>1</subfield>
        <subfield code='o'>0</subfield>
        <subfield code='b'>00042637628</subfield>
        <subfield code='p'>090##</subfield>
        <subfield code='q'>|aQ1|b.S35</subfield>
        <subfield code='v'>v.20:no.493-517(1892)</subfield>
      </datafield>
      <datafield ind1='9' ind2='1' tag='999'>
        <subfield code='i'>i9237082</subfield>
        <subfield code='l'>trln</subfield>
        <subfield code='s'>-</subfield>
        <subfield code='t'>3</subfield>
        <subfield code='c'>1</subfield>
        <subfield code='o'>0</subfield>
        <subfield code='b'>00042637619</subfield>
        <subfield code='p'>090##</subfield>
        <subfield code='q'>|aQ1|b.S35</subfield>
        <subfield code='v'>v.21:no.518-543(1893)</subfield>
      </datafield>
      <datafield ind1='9' ind2='1' tag='999'>
        <subfield code='i'>i11371057</subfield>
        <subfield code='l'>trln</subfield>
        <subfield code='s'>-</subfield>
        <subfield code='t'>3</subfield>
        <subfield code='c'>1</subfield>
        <subfield code='o'>0</subfield>
        <subfield code='b'>00051589020</subfield>
        <subfield code='p'>090##</subfield>
        <subfield code='q'>|aHF5001|b.F6</subfield>
        <subfield code='v'>new ser.:v.351(2016)</subfield>
      </datafield>
      <datafield ind1='9' ind2='1' tag='999'>
        <subfield code='i'>i11371058</subfield>
        <subfield code='l'>trln</subfield>
        <subfield code='s'>-</subfield>
        <subfield code='t'>3</subfield>
        <subfield code='c'>1</subfield>
        <subfield code='o'>0</subfield>
        <subfield code='b'>00051588904</subfield>
        <subfield code='p'>090##</subfield>
        <subfield code='q'>|aHF5001|b.F6</subfield>
        <subfield code='v'>new ser.:v.352(2016)</subfield>
      </datafield>
      <datafield ind1='9' ind2='1' tag='999'>
        <subfield code='i'>i11371059</subfield>
        <subfield code='l'>trln</subfield>
        <subfield code='s'>-</subfield>
        <subfield code='t'>3</subfield>
        <subfield code='c'>1</subfield>
        <subfield code='o'>0</subfield>
        <subfield code='b'>00051589397</subfield>
        <subfield code='p'>090##</subfield>
        <subfield code='q'>|aHF5001|b.F6</subfield>
        <subfield code='v'>new ser.:v.353(2016)</subfield>
      </datafield>
      <datafield ind1='9' ind2='1' tag='999'>
        <subfield code='i'>i1656799</subfield>
        <subfield code='l'>xada</subfield>
        <subfield code='s'>o</subfield>
        <subfield code='t'>2</subfield>
        <subfield code='c'>1</subfield>
        <subfield code='o'>0</subfield>
        <subfield code='b'>HAHD-8615-00002</subfield>
        <subfield code='v'>v.118:July-Dec.(1953)</subfield>
      </datafield>
      <datafield ind1='9' ind2='1' tag='999'>
        <subfield code='i'>i1656805</subfield>
        <subfield code='l'>xada</subfield>
        <subfield code='s'>o</subfield>
        <subfield code='t'>2</subfield>
        <subfield code='c'>1</subfield>
        <subfield code='o'>0</subfield>
        <subfield code='b'>HAHD-8615-00001</subfield>
        <subfield code='v'>v.123- (1956- )</subfield>
        <subfield code='n'>TO DATE</subfield>
      </datafield>
      <datafield ind1='9' ind2='2' tag='999'>
        <subfield code='a'>c10147798</subfield>
        <subfield code='b'>nohs</subfield>
        <subfield code='c'>0</subfield>
      </datafield>
      <datafield ind1='9' ind2='3' tag='999'>
        <subfield code='0'>c10147798</subfield>
        <subfield code='2'>852</subfield>
        <subfield code='3'>c</subfield>
        <subfield code='z'>Shelved by title.</subfield>
        <subfield code='z'>Print version not currently received</subfield>
      </datafield>
      <datafield ind1='9' ind2='3' tag='999'>
        <subfield code='0'>c10147798</subfield>
        <subfield code='2'>853</subfield>
        <subfield code='3'>g</subfield>
        <subfield code='8'>1</subfield>
        <subfield code='a'>v.</subfield>
        <subfield code='b'>no.</subfield>
        <subfield code='i'>(year)</subfield>
        <subfield code='j'>(month/day)</subfield>
        <subfield code='t'>c.</subfield>
      </datafield>
      <datafield ind1='9' ind2='3' tag='999'>
        <subfield code='0'>c10147798</subfield>
        <subfield code='2'>866</subfield>
        <subfield code='3'>h</subfield>
        <subfield code='a'>v.255 (1992: Jan. 3-Feb. 14)-v.326</subfield>
      </datafield>
      <datafield ind1='9' ind2='2' tag='999'>
        <subfield code='a'>c1404146</subfield>
        <subfield code='b'>trln</subfield>
        <subfield code='c'>0</subfield>
      </datafield>
      <datafield ind1='9' ind2='3' tag='999'>
        <subfield code='0'>c1404146</subfield>
        <subfield code='2'>852</subfield>
        <subfield code='3'>c</subfield>
        <subfield code='x'>Earlier titles exist.</subfield>
        <subfield code='z'>Latest in Science Library Annex Serials.</subfield>
        <subfield code='x'>SUPERSEDE from Science Library Annex Serials </subfield>
      </datafield>
      <datafield ind1='9' ind2='3' tag='999'>
        <subfield code='0'>c1404146</subfield>
        <subfield code='2'>853</subfield>
        <subfield code='3'>y</subfield>
        <subfield code='8'>1</subfield>
        <subfield code='a'>v.</subfield>
        <subfield code='i'>(year)</subfield>
      </datafield>
      <datafield ind1='9' ind2='3' tag='999'>
        <subfield code='0'>c1404146</subfield>
        <subfield code='2'>853</subfield>
        <subfield code='3'>y</subfield>
        <subfield code='8'>2</subfield>
        <subfield code='a'>new ser.:v.</subfield>
        <subfield code='i'>(year)</subfield>
        <subfield code='j'>(month)</subfield>
        <subfield code='k'>(day)</subfield>
      </datafield>
      <datafield ind1='9' ind2='3' tag='999'>
        <subfield code='0'>c1404146</subfield>
        <subfield code='2'>866</subfield>
        <subfield code='3'>h</subfield>
        <subfield code='8'>1</subfield>
        <subfield code='a'>v.20(1892)-v.21(1893)</subfield>
      </datafield>
      <datafield ind1='9' ind2='3' tag='999'>
        <subfield code='0'>c1404146</subfield>
        <subfield code='2'>866</subfield>
        <subfield code='3'>h</subfield>
        <subfield code='8'>2</subfield>
        <subfield code='a'>new ser.:v.9(1899), new ser.:v.43(1916), new ser.:v.190(1976)-new ser.:v.290(2000), new ser.:v.297(2002), new ser.:v.311(Feb.17, 2006)-new ser.:v.315(Mar.30, 2006), new ser.:v.316(June 29, 2007)-new ser.:v.316(Aug.3, 2007), new ser.:v.335(2012)- Except latest</subfield>
      </datafield>
      <datafield ind1='9' ind2='2' tag='999'>
        <subfield code='a'>c1404151</subfield>
        <subfield code='b'>xada</subfield>
        <subfield code='c'>0</subfield>
      </datafield>
      <datafield ind1='9' ind2='3' tag='999'>
        <subfield code='0'>c1404151</subfield>
        <subfield code='2'>852</subfield>
        <subfield code='3'>y</subfield>
        <subfield code='b'>xada</subfield>
        <subfield code='z'>Currently received.</subfield>
        <subfield code='x'>Earlier titles exist.</subfield>
      </datafield>
      <datafield ind1='9' ind2='3' tag='999'>
        <subfield code='0'>c1404151</subfield>
        <subfield code='2'>853</subfield>
        <subfield code='3'>y</subfield>
        <subfield code='8'>1</subfield>
        <subfield code='a'>new ser.:v.</subfield>
        <subfield code='i'>(year)</subfield>
        <subfield code='j'>(month)</subfield>
      </datafield>
      <datafield ind1='9' ind2='3' tag='999'>
        <subfield code='0'>c1404151</subfield>
        <subfield code='2'>866</subfield>
        <subfield code='3'>h</subfield>
        <subfield code='8'>1</subfield>
        <subfield code='a'>new ser.:v.118(July 1953)-new ser.:v.118(Dec. 1953), new ser.:v.123(1956)- TO DATE </subfield>
      </datafield>
      <datafield ind1='9' ind2='2' tag='999'>
        <subfield code='a'>c2791362</subfield>
        <subfield code='b'>bbha</subfield>
        <subfield code='c'>1</subfield>
      </datafield>
      <datafield ind1='9' ind2='3' tag='999'>
        <subfield code='0'>c2791362</subfield>
        <subfield code='2'>852</subfield>
        <subfield code='3'>c</subfield>
        <subfield code='x'>Earlier titles exist.</subfield>
        <subfield code='z'>Latest in Science Library Annex Serials.</subfield>
        <subfield code='x'>SUPERSEDE to Storage </subfield>
      </datafield>
      <datafield ind1='0' ind2='0' tag='999'>
        <subfield code='a'>2016-01-05 00:00:00-05</subfield>
        <subfield code='c'>2004-09-27 18:43:00-04</subfield>
        <subfield code='u'>2017-08-23 16:55:46-04</subfield>
      </datafield>
  </record>