
  <record>
    <leader>00000ccm a2200289Ii 4500</leader>
      <controlfield tag='008'>930224s1955    gw ctz         n    ger d</controlfield>
      <controlfield tag='001'>1723990</controlfield>
      <controlfield tag='005'>19930224000000.0</controlfield>
      <datafield ind1=' ' ind2=' ' tag='040'>
        <subfield code='a'>University of Cincinnati</subfield>
        <subfield code='c'>CIN</subfield>
        <subfield code='d'>m.c.</subfield>
        <subfield code='d'>OCL</subfield>
        <subfield code='d'>NOC</subfield>
      </datafield>
      <datafield ind1='1' ind2=' ' tag='100'>
        <subfield code='a'>Bach, Johann Sebastian,</subfield>
        <subfield code='d'>1685-1750.</subfield>
      </datafield>
      <datafield ind1='1' ind2='0' tag='240'>
        <subfield code='a'>Wär Gott nicht mit uns diese Zeit (Cantata)</subfield>
      </datafield>
      <datafield ind1='1' ind2='0' tag='245'>
        <subfield code='a'>Originalstimmensatz der Kantate Wär Gott nicht mit uns diese Zeit /</subfield>
        <subfield code='c'>von Johann Sebastian Bach</subfield>
        <subfield code='h'>[printed music].</subfield>
      </datafield>
      <datafield ind1=' ' ind2=' ' tag='260'>
        <subfield code='a'>Kassel :</subfield>
        <subfield code='b'>Bärenreiter Verlag,</subfield>
        <subfield code='c'>1955.</subfield>
      </datafield>
      <datafield ind1=' ' ind2=' ' tag='300'>
        <subfield code='a'>11 parts ;</subfield>
        <subfield code='c'>34 cm.</subfield>
      </datafield>
      <datafield ind1=' ' ind2=' ' tag='500'>
        <subfield code='a'>Facsim. of the holograph parts on permanent loan to the Bach-Archiv, Leipzig.</subfield>
      </datafield>
      <datafield ind1=' ' ind2='0' tag='650'>
        <subfield code='a'>Cantatas, Sacred</subfield>
        <subfield code='v'>Parts.</subfield>
      </datafield>
      <datafield ind1=' ' ind2='0' tag='650'>
        <subfield code='a'>Music</subfield>
        <subfield code='v'>Manuscripts</subfield>
        <subfield code='v'>Facsimiles.</subfield>
      </datafield>
      <datafield ind1='0' ind2=' ' tag='740'>
        <subfield code='a'>Wär&apos; Gott nicht mit uns diese Zeit.</subfield>
      </datafield>
      <datafield ind1='1' ind2=' ' tag='800'>
        <subfield code='a'>Bach, Johann Sebastian,</subfield>
        <subfield code='d'>1685-1750.</subfield>
        <subfield code='t'>Works.</subfield>
        <subfield code='k'>Selections (Faksimile-Reihe Bachscher Werke und Schriftstücke) ;</subfield>
        <subfield code='v'>Bd. 2.</subfield>
      </datafield>
      <datafield ind1=' ' ind2=' ' tag='907'>
        <subfield code='a'>b1319986</subfield>
      </datafield>
      <datafield ind1='9' ind2='1' tag='999'>
        <subfield code='i'>i1688265</subfield>
        <subfield code='l'>mmdb</subfield>
        <subfield code='s'>-</subfield>
        <subfield code='t'>44</subfield>
        <subfield code='c'>1</subfield>
        <subfield code='o'>1</subfield>
        <subfield code='b'>00009823818</subfield>
        <subfield code='p'>090##</subfield>
        <subfield code='q'>|aML96.4 .B3</subfield>
        <subfield code='v'>Bd.2</subfield>
      </datafield>
      <datafield ind1='9' ind2='1' tag='999'>
        <subfield code='i'>i1688266</subfield>
        <subfield code='l'>mmdb</subfield>
        <subfield code='s'>-</subfield>
        <subfield code='t'>1</subfield>
        <subfield code='c'>2</subfield>
        <subfield code='o'>5</subfield>
        <subfield code='b'>00012707519</subfield>
        <subfield code='p'>090##</subfield>
        <subfield code='q'>|aML96.4 .B3</subfield>
        <subfield code='v'>Bd.2</subfield>
      </datafield>
      <datafield ind1='0' ind2='0' tag='999'>
        <subfield code='a'>2004-10-01 00:00:00-04</subfield>
        <subfield code='c'>2004-09-27 18:44:40-04</subfield>
        <subfield code='u'>2016-10-23 08:55:38-04</subfield>
      </datafield>
  </record>