
  <record>
    <leader>00000cai  2200421 a 4500</leader>
      <controlfield tag='006'>m        d f</controlfield>
      <controlfield tag='008'>081024cuuuu9999dcuuu dss    f0    2eng c</controlfield>
      <controlfield tag='007'>cr mn|||||||||</controlfield>
      <controlfield tag='001'>263426779</controlfield>
      <controlfield tag='003'>OCoLC</controlfield>
      <controlfield tag='005'>20090813130750.0</controlfield>
      <datafield ind1=' ' ind2=' ' tag='010'>
        <subfield code='a'>2008230147</subfield>
      </datafield>
      <datafield ind1=' ' ind2=' ' tag='040'>
        <subfield code='a'>GPO</subfield>
        <subfield code='c'>GPO</subfield>
        <subfield code='d'>DOS</subfield>
        <subfield code='d'>GPO</subfield>
        <subfield code='d'>MvI</subfield>
      </datafield>
      <datafield ind1=' ' ind2=' ' tag='042'>
        <subfield code='a'>pcc</subfield>
      </datafield>
      <datafield ind1=' ' ind2=' ' tag='043'>
        <subfield code='a'>n-us---</subfield>
      </datafield>
      <datafield ind1=' ' ind2='4' tag='050'>
        <subfield code='a'>KF6653.99</subfield>
        <subfield code='b'>T37</subfield>
      </datafield>
      <datafield ind1=' ' ind2=' ' tag='074'>
        <subfield code='a'>0982-B-06 (online)</subfield>
      </datafield>
      <datafield ind1='0' ind2=' ' tag='086'>
        <subfield code='a'>ITC 1.10/6:</subfield>
      </datafield>
      <datafield ind1='0' ind2='0' tag='245'>
        <subfield code='a'>Tariff information center</subfield>
        <subfield code='h'>[electronic resource].</subfield>
      </datafield>
      <datafield ind1='1' ind2=' ' tag='246'>
        <subfield code='i'>Title in title bar:</subfield>
        <subfield code='a'>Tariff information center :</subfield>
        <subfield code='b'>USITC tariff affairs</subfield>
      </datafield>
      <datafield ind1='3' ind2='0' tag='246'>
        <subfield code='a'>USITC tariff affairs</subfield>
      </datafield>
      <datafield ind1='3' ind2='0' tag='246'>
        <subfield code='a'>USITC tariff database and related products</subfield>
        <subfield code='f'>&lt;2008&gt;</subfield>
      </datafield>
      <datafield ind1='3' ind2='0' tag='246'>
        <subfield code='a'>Tariff database</subfield>
        <subfield code='f'>&lt;2008&gt;</subfield>
      </datafield>
      <datafield ind1='1' ind2='0' tag='247'>
        <subfield code='a'>Tariff information center.</subfield>
        <subfield code='p'>USITC tariff database and related products</subfield>
        <subfield code='f'>&lt;2008&gt;</subfield>
      </datafield>
      <datafield ind1=' ' ind2=' ' tag='260'>
        <subfield code='a'>Washington, D.C. :</subfield>
        <subfield code='b'>United States International Trade Commission.</subfield>
      </datafield>
      <datafield ind1=' ' ind2=' ' tag='500'>
        <subfield code='a'>Description based on contents viewed on Aug. 13, 2009; title from web site caption.</subfield>
      </datafield>
      <datafield ind1=' ' ind2=' ' tag='538'>
        <subfield code='a'>Mode of access: World Wide Web from the USITC web site. Address as of 6/3/00: http://www.customs.ustreas.gov./impoexpo/impoexpo.htm ; current access is available via PURL.</subfield>
      </datafield>
      <datafield ind1='1' ind2='0' tag='610'>
        <subfield code='a'>United States.</subfield>
        <subfield code='t'>Tariff Act of 1930.</subfield>
        <subfield code='n'>Title I,</subfield>
        <subfield code='p'>Harmonized Tariff Schedule of the United States.</subfield>
      </datafield>
      <datafield ind1=' ' ind2='0' tag='650'>
        <subfield code='a'>Tariff</subfield>
        <subfield code='x'>Law and legislation</subfield>
        <subfield code='z'>United States</subfield>
        <subfield code='v'>Databases.</subfield>
      </datafield>
      <datafield ind1=' ' ind2='0' tag='650'>
        <subfield code='a'>Industrial productivity</subfield>
        <subfield code='z'>United States</subfield>
        <subfield code='v'>Databases.</subfield>
      </datafield>
      <datafield ind1=' ' ind2='0' tag='651'>
        <subfield code='a'>United States</subfield>
        <subfield code='x'>Commerce</subfield>
        <subfield code='v'>Statistics</subfield>
        <subfield code='v'>Databases.</subfield>
      </datafield>
      <datafield ind1='2' ind2=' ' tag='710'>
        <subfield code='a'>United States International Trade Commission.</subfield>
      </datafield>
      <datafield ind1='2' ind2=' ' tag='710'>
        <subfield code='a'>United States International Trade Commission.</subfield>
        <subfield code='b'>Office of Tariff Affairs and Trade Agreements.</subfield>
      </datafield>
      <datafield ind1='0' ind2=' ' tag='787'>
        <subfield code='a'>United States.</subfield>
        <subfield code='s'>Tariff Act of 1930. Title I, Harmonized Tariff Schedule of the United States (Online).</subfield>
        <subfield code='t'>Harmonized tariff schedule of the United States</subfield>
        <subfield code='x'>1555-0230</subfield>
        <subfield code='w'>(DLC)   98644901</subfield>
        <subfield code='w'>(OCoLC)39885112</subfield>
      </datafield>
      <datafield ind1='4' ind2='0' tag='856'>
        <subfield code='u'>http://purl.access.gpo.gov/GPO/LPS9305</subfield>
      </datafield>
      <datafield ind1=' ' ind2=' ' tag='919'>
        <subfield code='a'>dwsgpo</subfield>
      </datafield>
      <datafield ind1=' ' ind2=' ' tag='907'>
        <subfield code='a'>b5884455</subfield>
      </datafield>
      <datafield ind1='0' ind2='0' tag='999'>
        <subfield code='a'>2009-10-22 00:00:00-04</subfield>
        <subfield code='c'>2009-03-04 12:39:50-05</subfield>
        <subfield code='u'>2013-10-29 12:02:35-04</subfield>
      </datafield>
  </record>