
  <record>
    <leader>00000cas  2200889Li 4500</leader>
      <controlfield tag='008'>951215d18601891fr ar         0   b0fre d</controlfield>
      <controlfield tag='001'>472061338</controlfield>
      <controlfield tag='003'>OCoLC</controlfield>
      <controlfield tag='005'>20120720042036.0</controlfield>
      <datafield ind1='7' ind2=' ' tag='016'>
        <subfield code='a'>FRBNF326965770000006</subfield>
        <subfield code='2'>FrPBN</subfield>
      </datafield>
      <datafield ind1=' ' ind2=' ' tag='022'>
        <subfield code='a'>1267-4141</subfield>
        <subfield code='l'>1267-4141</subfield>
        <subfield code='2'>7</subfield>
      </datafield>
      <datafield ind1=' ' ind2=' ' tag='035'>
        <subfield code='a'>(OCoLC)472061338</subfield>
      </datafield>
      <datafield ind1=' ' ind2=' ' tag='040'>
        <subfield code='a'>BDF</subfield>
        <subfield code='e'>ncafnor</subfield>
        <subfield code='b'>fre</subfield>
        <subfield code='c'>BDF</subfield>
        <subfield code='d'>OCLCQ</subfield>
      </datafield>
      <datafield ind1=' ' ind2=' ' tag='049'>
        <subfield code='a'>NOCC</subfield>
      </datafield>
      <datafield ind1='0' ind2='4' tag='082'>
        <subfield code='a'>305.800 5</subfield>
        <subfield code='2'>22</subfield>
      </datafield>
      <datafield ind1='2' ind2=' ' tag='110'>
        <subfield code='a'>Société d&apos;ethnographie de Paris.</subfield>
        <subfield code='4'>aut</subfield>
        <subfield code='0'>(FrPBN)11880931</subfield>
      </datafield>
      <datafield ind1=' ' ind2='0' tag='222'>
        <subfield code='a'>Annuaire de la Société d&apos;ethnographie</subfield>
      </datafield>
      <datafield ind1='1' ind2='0' tag='245'>
        <subfield code='a'>Annuaire de la Société d&apos;ethnographie ...</subfield>
      </datafield>
      <datafield ind1='1' ind2='3' tag='246'>
        <subfield code='a'>Annuaire oriental et américain</subfield>
      </datafield>
      <datafield ind1='1' ind2='3' tag='246'>
        <subfield code='a'>Annuaire ethnographique oriental et américain</subfield>
      </datafield>
      <datafield ind1=' ' ind2=' ' tag='260'>
        <subfield code='a'>Paris :</subfield>
        <subfield code='b'>Challamel aîné,</subfield>
        <subfield code='c'>1860-1891.</subfield>
      </datafield>
      <datafield ind1=' ' ind2=' ' tag='300'>
        <subfield code='a'>26 v. ;</subfield>
        <subfield code='c'>19 cm. et 22 cm. (1874-1876)</subfield>
      </datafield>
      <datafield ind1='0' ind2=' ' tag='362'>
        <subfield code='a'>1860-1864.</subfield>
      </datafield>
      <datafield ind1='0' ind2=' ' tag='362'>
        <subfield code='a'>1874-1891.</subfield>
      </datafield>
      <datafield ind1=' ' ind2=' ' tag='500'>
        <subfield code='a'>En 1888 porte en tête : &quot;Alliance scientifique universelle&quot;, et en 1889 : &quot;Alliance scientifique (Institution ethnographique).&quot;</subfield>
      </datafield>
      <datafield ind1=' ' ind2=' ' tag='580'>
        <subfield code='a'>Absorbé par : Bulletin de la Société d&apos;ethnographie = ISSN 0184-7058.</subfield>
      </datafield>
      <datafield ind1='1' ind2=' ' tag='700'>
        <subfield code='a'>Rosny, Léon de,</subfield>
        <subfield code='d'>1837-1914.</subfield>
        <subfield code='4'>pbd</subfield>
        <subfield code='3'>1860.</subfield>
        <subfield code='0'>(FrPBN)11922640</subfield>
      </datafield>
      <datafield ind1='1' ind2=' ' tag='700'>
        <subfield code='a'>Castaing, Alphonse,</subfield>
        <subfield code='d'>1822-1888.</subfield>
        <subfield code='4'>pbd</subfield>
        <subfield code='3'>1861.</subfield>
        <subfield code='0'>(FrPBN)13083992</subfield>
      </datafield>
      <datafield ind1='1' ind2=' ' tag='700'>
        <subfield code='a'>Labarthe, Jean-François-Charles, dit de.</subfield>
        <subfield code='4'>pbd</subfield>
        <subfield code='3'>1862-1863.</subfield>
        <subfield code='0'>(FrPBN)10708797</subfield>
      </datafield>
      <datafield ind1='1' ind2=' ' tag='700'>
        <subfield code='a'>Ledier, Alfred.</subfield>
        <subfield code='4'>pbd</subfield>
        <subfield code='3'>1864.</subfield>
        <subfield code='0'>(FrPBN)10317954</subfield>
      </datafield>
      <datafield ind1='1' ind2=' ' tag='700'>
        <subfield code='a'>Madier de Montjau, Édouard.</subfield>
        <subfield code='4'>pbd</subfield>
        <subfield code='3'>1874-1876.</subfield>
        <subfield code='0'>(FrPBN)10632008</subfield>
      </datafield>
      <datafield ind1='1' ind2=' ' tag='700'>
        <subfield code='a'>Dumas, Victor,</subfield>
        <subfield code='c'>secrétaire de la Société d&apos;ethnographie.</subfield>
        <subfield code='4'>pbd</subfield>
        <subfield code='3'>1876-1877 + résumé 1859-75.</subfield>
        <subfield code='0'>(FrPBN)10737225</subfield>
      </datafield>
      <datafield ind1='1' ind2=' ' tag='700'>
        <subfield code='a'>Pitrou, Octave.</subfield>
        <subfield code='4'>pbd</subfield>
        <subfield code='3'>1879.</subfield>
        <subfield code='0'>(FrPBN)10326090</subfield>
      </datafield>
      <datafield ind1='1' ind2=' ' tag='700'>
        <subfield code='a'>Dulaurier, Augustin.</subfield>
        <subfield code='4'>pbd</subfield>
        <subfield code='3'>1880.</subfield>
        <subfield code='0'>(FrPBN)10498025</subfield>
      </datafield>
      <datafield ind1='1' ind2=' ' tag='700'>
        <subfield code='a'>Guillien, Fernand.</subfield>
        <subfield code='4'>pbd</subfield>
        <subfield code='3'>1881.</subfield>
        <subfield code='0'>(FrPBN)10436982</subfield>
      </datafield>
      <datafield ind1='2' ind2=' ' tag='710'>
        <subfield code='a'>Alliance scientifique universelle.</subfield>
        <subfield code='4'>aut</subfield>
        <subfield code='0'>(FrPBN)12526876</subfield>
      </datafield>
      <datafield ind1='0' ind2='4' tag='785'>
        <subfield code='t'>Bulletin de la Société d&apos;ethnographie</subfield>
        <subfield code='x'>0184-7058</subfield>
        <subfield code='w'>(FrPBN)34356956</subfield>
      </datafield>
      <datafield ind1=' ' ind2=' ' tag='907'>
        <subfield code='a'>b7177586</subfield>
      </datafield>
      <datafield ind1='9' ind2='1' tag='999'>
        <subfield code='i'>i9676313</subfield>
        <subfield code='l'>wcdd</subfield>
        <subfield code='s'>o</subfield>
        <subfield code='t'>0</subfield>
        <subfield code='c'>1</subfield>
        <subfield code='o'>0</subfield>
        <subfield code='p'>099#9</subfield>
        <subfield code='q'>|aStuart|a130070</subfield>
        <subfield code='n'>1860-1863</subfield>
      </datafield>
      <datafield ind1='0' ind2='0' tag='999'>
        <subfield code='a'></subfield>
        <subfield code='c'>2012-07-20 16:20:00-04</subfield>
        <subfield code='u'>2017-02-13 17:55:35-05</subfield>
      </datafield>
  </record>