
  <record>
    <leader>00000cas  2202221   4500</leader>
      <controlfield tag='008'>740912c18959999nyuar    b    0   a0eng  </controlfield>
      <controlfield tag='001'>1782211</controlfield>
      <controlfield tag='005'>19921118122945.8</controlfield>
      <datafield ind1=' ' ind2=' ' tag='010'>
        <subfield code='a'>03014557 //r524</subfield>
      </datafield>
      <datafield ind1=' ' ind2=' ' tag='022'>
        <subfield code='a'>0146-3454</subfield>
      </datafield>
      <datafield ind1=' ' ind2=' ' tag='040'>
        <subfield code='a'>DLC</subfield>
        <subfield code='c'>DLC</subfield>
        <subfield code='d'>NSD</subfield>
        <subfield code='d'>NOC</subfield>
      </datafield>
      <datafield ind1=' ' ind2=' ' tag='042'>
        <subfield code='a'>lc</subfield>
        <subfield code='a'>nsdp</subfield>
      </datafield>
      <datafield ind1=' ' ind2=' ' tag='043'>
        <subfield code='a'>n-us---</subfield>
      </datafield>
      <datafield ind1=' ' ind2=' ' tag='082'>
        <subfield code='a'>018/.3</subfield>
      </datafield>
      <datafield ind1=' ' ind2='0' tag='222'>
        <subfield code='a'>American book-prices current</subfield>
      </datafield>
      <datafield ind1='0' ind2='0' tag='245'>
        <subfield code='a'>American book prices current</subfield>
        <subfield code='h'>[serial].</subfield>
      </datafield>
      <datafield ind1=' ' ind2=' ' tag='260'>
        <subfield code='a'>New York,</subfield>
        <subfield code='b'>Bancroft-Parkman [etc.]</subfield>
      </datafield>
      <datafield ind1=' ' ind2=' ' tag='300'>
        <subfield code='a'>v.</subfield>
        <subfield code='c'>22-27 cm.</subfield>
      </datafield>
      <datafield ind1='0' ind2=' ' tag='362'>
        <subfield code='a'>v. 1- 1894/95-</subfield>
      </datafield>
      <datafield ind1=' ' ind2=' ' tag='500'>
        <subfield code='a'>&quot;A record of literary properties sold at auction in the United States.&quot;</subfield>
      </datafield>
      <datafield ind1=' ' ind2=' ' tag='555'>
        <subfield code='a'>Vol. 31, 1924/25, includes books only; the record of manuscripts andautographs is included in v. 32; Vols. 22-28, 1915/16-1921/22. 1 v.; Vols. 29-38, 1922/23-1931/32. 1 v.; Vols. 39-46, 1932/33-1939/40. 1 v.; Vols. 47-51, 1940/41-1944/45. 1 v.; Vols. 52-56, 1945/46-1949/50. 1 v.; Vols. 57-61, 1950/51-1954/55. 1 v.; Vols. 62-66, 1955/56-1959/60. 1 v.; Vols. 67-71, 1960/61-1964/65. 1 v.; Vols. 72-76, 1965/66-1969/70. 2 v.; Vols. 77-81, 1970/71 -1974/75. 2 v.</subfield>
      </datafield>
      <datafield ind1=' ' ind2='0' tag='650'>
        <subfield code='a'>Books</subfield>
        <subfield code='x'>Prices.</subfield>
      </datafield>
      <datafield ind1=' ' ind2='0' tag='650'>
        <subfield code='a'>Autographs</subfield>
        <subfield code='x'>Prices.</subfield>
      </datafield>
      <datafield ind1=' ' ind2='0' tag='650'>
        <subfield code='a'>Manuscripts</subfield>
        <subfield code='x'>Prices.</subfield>
      </datafield>
      <datafield ind1=' ' ind2='7' tag='655'>
        <subfield code='a'>Rare books.</subfield>
        <subfield code='2'>lcgft</subfield>
      </datafield>
      <datafield ind1=' ' ind2=' ' tag='907'>
        <subfield code='a'>b1327446</subfield>
      </datafield>
      <datafield ind1='9' ind2='1' tag='999'>
        <subfield code='i'>i8393858</subfield>
        <subfield code='l'>trln</subfield>
        <subfield code='s'>-</subfield>
        <subfield code='t'>3</subfield>
        <subfield code='c'>1</subfield>
        <subfield code='o'>0</subfield>
        <subfield code='b'>00038672310</subfield>
        <subfield code='p'>090##</subfield>
        <subfield code='q'>|aZ1000|b.A51</subfield>
        <subfield code='v'>Index: 1945/1950</subfield>
      </datafield>
      <datafield ind1='9' ind2='1' tag='999'>
        <subfield code='i'>i8393859</subfield>
        <subfield code='l'>trln</subfield>
        <subfield code='s'>-</subfield>
        <subfield code='t'>3</subfield>
        <subfield code='c'>1</subfield>
        <subfield code='o'>0</subfield>
        <subfield code='b'>00038672329</subfield>
        <subfield code='p'>090##</subfield>
        <subfield code='q'>|aZ1000|b.A51</subfield>
        <subfield code='v'>Index: 1950/1955</subfield>
      </datafield>
      <datafield ind1='9' ind2='1' tag='999'>
        <subfield code='i'>i8393860</subfield>
        <subfield code='l'>trln</subfield>
        <subfield code='s'>-</subfield>
        <subfield code='t'>3</subfield>
        <subfield code='c'>1</subfield>
        <subfield code='o'>0</subfield>
        <subfield code='b'>00038672356</subfield>
        <subfield code='p'>090##</subfield>
        <subfield code='q'>|aZ1000|b.A51</subfield>
        <subfield code='v'>Index: 1975/1979:pt.1</subfield>
      </datafield>
      <datafield ind1='9' ind2='1' tag='999'>
        <subfield code='i'>i8393861</subfield>
        <subfield code='l'>trln</subfield>
        <subfield code='s'>-</subfield>
        <subfield code='t'>3</subfield>
        <subfield code='c'>1</subfield>
        <subfield code='o'>0</subfield>
        <subfield code='b'>00038672365</subfield>
        <subfield code='p'>090##</subfield>
        <subfield code='q'>|aZ1000|b.A51</subfield>
        <subfield code='v'>Index: 1975/1979:pt.2</subfield>
      </datafield>
      <datafield ind1='9' ind2='1' tag='999'>
        <subfield code='i'>i8393863</subfield>
        <subfield code='l'>trln</subfield>
        <subfield code='s'>-</subfield>
        <subfield code='t'>3</subfield>
        <subfield code='c'>1</subfield>
        <subfield code='o'>0</subfield>
        <subfield code='b'>00038672472</subfield>
        <subfield code='p'>090##</subfield>
        <subfield code='q'>|aZ1000|b.A51</subfield>
        <subfield code='v'>Index: 1987/1991:pt.2</subfield>
      </datafield>
      <datafield ind1='9' ind2='1' tag='999'>
        <subfield code='i'>i1774923</subfield>
        <subfield code='l'>trln</subfield>
        <subfield code='s'>-</subfield>
        <subfield code='t'>3</subfield>
        <subfield code='c'>1</subfield>
        <subfield code='o'>0</subfield>
        <subfield code='b'>00038676414</subfield>
        <subfield code='p'>090##</subfield>
        <subfield code='q'>|aZ1000|b.A51</subfield>
        <subfield code='v'>v.82(1975/1976)</subfield>
      </datafield>
      <datafield ind1='9' ind2='1' tag='999'>
        <subfield code='i'>i8394182</subfield>
        <subfield code='l'>trln</subfield>
        <subfield code='s'>-</subfield>
        <subfield code='t'>3</subfield>
        <subfield code='c'>1</subfield>
        <subfield code='o'>0</subfield>
        <subfield code='b'>00038676423</subfield>
        <subfield code='p'>090##</subfield>
        <subfield code='q'>|aZ1000|b.A51</subfield>
        <subfield code='v'>v.83(1977)</subfield>
      </datafield>
      <datafield ind1='9' ind2='1' tag='999'>
        <subfield code='i'>i8394185</subfield>
        <subfield code='l'>trln</subfield>
        <subfield code='s'>-</subfield>
        <subfield code='t'>3</subfield>
        <subfield code='c'>1</subfield>
        <subfield code='o'>0</subfield>
        <subfield code='b'>00038676432</subfield>
        <subfield code='p'>090##</subfield>
        <subfield code='q'>|aZ1000|b.A51</subfield>
        <subfield code='v'>v.84(1978)</subfield>
      </datafield>
      <datafield ind1='9' ind2='1' tag='999'>
        <subfield code='i'>i8394186</subfield>
        <subfield code='l'>trln</subfield>
        <subfield code='s'>-</subfield>
        <subfield code='t'>3</subfield>
        <subfield code='c'>1</subfield>
        <subfield code='o'>0</subfield>
        <subfield code='b'>00038676441</subfield>
        <subfield code='p'>090##</subfield>
        <subfield code='q'>|aZ1000|b.A51</subfield>
        <subfield code='v'>v.85(1979)</subfield>
      </datafield>
      <datafield ind1='9' ind2='1' tag='999'>
        <subfield code='i'>i8394187</subfield>
        <subfield code='l'>trln</subfield>
        <subfield code='s'>-</subfield>
        <subfield code='t'>3</subfield>
        <subfield code='c'>1</subfield>
        <subfield code='o'>0</subfield>
        <subfield code='b'>00038676450</subfield>
        <subfield code='p'>090##</subfield>
        <subfield code='q'>|aZ1000|b.A51</subfield>
        <subfield code='v'>v.86(1980)</subfield>
      </datafield>
      <datafield ind1='9' ind2='1' tag='999'>
        <subfield code='i'>i8394188</subfield>
        <subfield code='l'>trln</subfield>
        <subfield code='s'>-</subfield>
        <subfield code='t'>3</subfield>
        <subfield code='c'>1</subfield>
        <subfield code='o'>0</subfield>
        <subfield code='b'>00038676469</subfield>
        <subfield code='p'>090##</subfield>
        <subfield code='q'>|aZ1000|b.A51</subfield>
        <subfield code='v'>v.87(1981)</subfield>
      </datafield>
      <datafield ind1='9' ind2='1' tag='999'>
        <subfield code='i'>i8394189</subfield>
        <subfield code='l'>trln</subfield>
        <subfield code='s'>-</subfield>
        <subfield code='t'>3</subfield>
        <subfield code='c'>1</subfield>
        <subfield code='o'>0</subfield>
        <subfield code='b'>00038676478</subfield>
        <subfield code='p'>090##</subfield>
        <subfield code='q'>|aZ1000|b.A51</subfield>
        <subfield code='v'>v.88(1982)</subfield>
      </datafield>
      <datafield ind1='9' ind2='1' tag='999'>
        <subfield code='i'>i8394190</subfield>
        <subfield code='l'>trln</subfield>
        <subfield code='s'>-</subfield>
        <subfield code='t'>3</subfield>
        <subfield code='c'>1</subfield>
        <subfield code='o'>0</subfield>
        <subfield code='b'>00038676487</subfield>
        <subfield code='p'>090##</subfield>
        <subfield code='q'>|aZ1000|b.A51</subfield>
        <subfield code='v'>v.89(1983)</subfield>
      </datafield>
      <datafield ind1='9' ind2='1' tag='999'>
        <subfield code='i'>i8394191</subfield>
        <subfield code='l'>trln</subfield>
        <subfield code='s'>-</subfield>
        <subfield code='t'>3</subfield>
        <subfield code='c'>1</subfield>
        <subfield code='o'>0</subfield>
        <subfield code='b'>00038676496</subfield>
        <subfield code='p'>090##</subfield>
        <subfield code='q'>|aZ1000|b.A51</subfield>
        <subfield code='v'>v.90(1984)</subfield>
      </datafield>
      <datafield ind1='9' ind2='1' tag='999'>
        <subfield code='i'>i8394192</subfield>
        <subfield code='l'>trln</subfield>
        <subfield code='s'>-</subfield>
        <subfield code='t'>3</subfield>
        <subfield code='c'>1</subfield>
        <subfield code='o'>0</subfield>
        <subfield code='b'>00038676502</subfield>
        <subfield code='p'>090##</subfield>
        <subfield code='q'>|aZ1000|b.A51</subfield>
        <subfield code='v'>v.91(1985)</subfield>
      </datafield>
      <datafield ind1='9' ind2='1' tag='999'>
        <subfield code='i'>i8394193</subfield>
        <subfield code='l'>trln</subfield>
        <subfield code='s'>-</subfield>
        <subfield code='t'>3</subfield>
        <subfield code='c'>1</subfield>
        <subfield code='o'>0</subfield>
        <subfield code='b'>00038676511</subfield>
        <subfield code='p'>090##</subfield>
        <subfield code='q'>|aZ1000|b.A51</subfield>
        <subfield code='v'>v.92(1986)</subfield>
      </datafield>
      <datafield ind1='9' ind2='1' tag='999'>
        <subfield code='i'>i8394194</subfield>
        <subfield code='l'>trln</subfield>
        <subfield code='s'>-</subfield>
        <subfield code='t'>3</subfield>
        <subfield code='c'>1</subfield>
        <subfield code='o'>0</subfield>
        <subfield code='b'>00038676520</subfield>
        <subfield code='p'>090##</subfield>
        <subfield code='q'>|aZ1000|b.A51</subfield>
        <subfield code='v'>v.93(1987)</subfield>
      </datafield>
      <datafield ind1='9' ind2='1' tag='999'>
        <subfield code='i'>i8394195</subfield>
        <subfield code='l'>trln</subfield>
        <subfield code='s'>-</subfield>
        <subfield code='t'>3</subfield>
        <subfield code='c'>1</subfield>
        <subfield code='o'>0</subfield>
        <subfield code='b'>00038676539</subfield>
        <subfield code='p'>090##</subfield>
        <subfield code='q'>|aZ1000|b.A51</subfield>
        <subfield code='v'>v.94(1988)</subfield>
      </datafield>
      <datafield ind1='9' ind2='1' tag='999'>
        <subfield code='i'>i8394196</subfield>
        <subfield code='l'>trln</subfield>
        <subfield code='s'>-</subfield>
        <subfield code='t'>3</subfield>
        <subfield code='c'>1</subfield>
        <subfield code='o'>0</subfield>
        <subfield code='b'>00038676548</subfield>
        <subfield code='p'>090##</subfield>
        <subfield code='q'>|aZ1000|b.A51</subfield>
        <subfield code='v'>v.95(1989)</subfield>
      </datafield>
      <datafield ind1='9' ind2='1' tag='999'>
        <subfield code='i'>i8394197</subfield>
        <subfield code='l'>trln</subfield>
        <subfield code='s'>-</subfield>
        <subfield code='t'>3</subfield>
        <subfield code='c'>1</subfield>
        <subfield code='o'>0</subfield>
        <subfield code='b'>00038676557</subfield>
        <subfield code='p'>090##</subfield>
        <subfield code='q'>|aZ1000|b.A51</subfield>
        <subfield code='v'>v.96(1990)</subfield>
      </datafield>
      <datafield ind1='9' ind2='1' tag='999'>
        <subfield code='i'>i8394198</subfield>
        <subfield code='l'>trln</subfield>
        <subfield code='s'>-</subfield>
        <subfield code='t'>3</subfield>
        <subfield code='c'>1</subfield>
        <subfield code='o'>0</subfield>
        <subfield code='b'>00038676566</subfield>
        <subfield code='p'>090##</subfield>
        <subfield code='q'>|aZ1000|b.A51</subfield>
        <subfield code='v'>v.97(1991)</subfield>
      </datafield>
      <datafield ind1='9' ind2='1' tag='999'>
        <subfield code='i'>i8394199</subfield>
        <subfield code='l'>trln</subfield>
        <subfield code='s'>-</subfield>
        <subfield code='t'>3</subfield>
        <subfield code='c'>1</subfield>
        <subfield code='o'>0</subfield>
        <subfield code='b'>00038676575</subfield>
        <subfield code='p'>090##</subfield>
        <subfield code='q'>|aZ1000|b.A51</subfield>
        <subfield code='v'>v.98(1992)</subfield>
      </datafield>
      <datafield ind1='9' ind2='1' tag='999'>
        <subfield code='i'>i1774926</subfield>
        <subfield code='l'>trln</subfield>
        <subfield code='s'>-</subfield>
        <subfield code='t'>3</subfield>
        <subfield code='c'>1</subfield>
        <subfield code='o'>0</subfield>
        <subfield code='b'>00038672294</subfield>
        <subfield code='p'>090##</subfield>
        <subfield code='q'>|aZ1000|b.A51</subfield>
        <subfield code='v'>Index: 1923/1932</subfield>
      </datafield>
      <datafield ind1='9' ind2='1' tag='999'>
        <subfield code='i'>i1774931</subfield>
        <subfield code='l'>trln</subfield>
        <subfield code='s'>-</subfield>
        <subfield code='t'>3</subfield>
        <subfield code='c'>1</subfield>
        <subfield code='o'>0</subfield>
        <subfield code='b'>00038672301</subfield>
        <subfield code='p'>090##</subfield>
        <subfield code='q'>|aZ1000|b.A51</subfield>
        <subfield code='v'>Index: 1941/1945</subfield>
      </datafield>
      <datafield ind1='9' ind2='1' tag='999'>
        <subfield code='i'>i8393862</subfield>
        <subfield code='l'>trln</subfield>
        <subfield code='s'>-</subfield>
        <subfield code='t'>3</subfield>
        <subfield code='c'>1</subfield>
        <subfield code='o'>0</subfield>
        <subfield code='b'>00038672481</subfield>
        <subfield code='p'>090##</subfield>
        <subfield code='q'>|aZ1000|b.A51</subfield>
        <subfield code='v'>Index: 1987/1991:pt.1</subfield>
      </datafield>
      <datafield ind1='9' ind2='1' tag='999'>
        <subfield code='i'>i8393864</subfield>
        <subfield code='l'>trln</subfield>
        <subfield code='s'>-</subfield>
        <subfield code='t'>3</subfield>
        <subfield code='c'>1</subfield>
        <subfield code='o'>0</subfield>
        <subfield code='b'>00038672338</subfield>
        <subfield code='p'>090##</subfield>
        <subfield code='q'>|aZ1000|b.A51</subfield>
        <subfield code='v'>v.99(1993)</subfield>
      </datafield>
      <datafield ind1='9' ind2='1' tag='999'>
        <subfield code='i'>i8393865</subfield>
        <subfield code='l'>trln</subfield>
        <subfield code='s'>-</subfield>
        <subfield code='t'>3</subfield>
        <subfield code='c'>1</subfield>
        <subfield code='o'>0</subfield>
        <subfield code='b'>00038672347</subfield>
        <subfield code='p'>090##</subfield>
        <subfield code='q'>|aZ1000|b.A51</subfield>
        <subfield code='v'>v.100(1994)</subfield>
      </datafield>
      <datafield ind1='9' ind2='1' tag='999'>
        <subfield code='i'>i8394221</subfield>
        <subfield code='l'>trln</subfield>
        <subfield code='s'>-</subfield>
        <subfield code='t'>3</subfield>
        <subfield code='c'>1</subfield>
        <subfield code='o'>0</subfield>
        <subfield code='b'>00038676584</subfield>
        <subfield code='p'>090##</subfield>
        <subfield code='q'>|aZ1000|b.A51</subfield>
        <subfield code='v'>Suppl.: 1979</subfield>
      </datafield>
      <datafield ind1='9' ind2='1' tag='999'>
        <subfield code='i'>i1774924</subfield>
        <subfield code='l'>wcda</subfield>
        <subfield code='s'>o</subfield>
        <subfield code='t'>2</subfield>
        <subfield code='c'>1</subfield>
        <subfield code='o'>0</subfield>
        <subfield code='b'>00011555667</subfield>
        <subfield code='p'>090##</subfield>
        <subfield code='q'>|aZ1000 .A51</subfield>
        <subfield code='v'>v.1(1895)</subfield>
      </datafield>
      <datafield ind1='9' ind2='1' tag='999'>
        <subfield code='i'>i1774927</subfield>
        <subfield code='l'>wcda</subfield>
        <subfield code='s'>o</subfield>
        <subfield code='t'>2</subfield>
        <subfield code='c'>1</subfield>
        <subfield code='o'>0</subfield>
        <subfield code='b'>00011555676</subfield>
        <subfield code='p'>090##</subfield>
        <subfield code='q'>|aZ1000 .A51</subfield>
        <subfield code='v'>v.2(1896)</subfield>
      </datafield>
      <datafield ind1='9' ind2='1' tag='999'>
        <subfield code='i'>i1774929</subfield>
        <subfield code='l'>wcda</subfield>
        <subfield code='s'>o</subfield>
        <subfield code='t'>2</subfield>
        <subfield code='c'>1</subfield>
        <subfield code='o'>0</subfield>
        <subfield code='b'>00009468006</subfield>
        <subfield code='p'>090##</subfield>
        <subfield code='q'>|aZ1000 .A51</subfield>
        <subfield code='v'>v.100(1994)</subfield>
      </datafield>
      <datafield ind1='9' ind2='1' tag='999'>
        <subfield code='i'>i1774930</subfield>
        <subfield code='l'>wcda</subfield>
        <subfield code='s'>o</subfield>
        <subfield code='t'>2</subfield>
        <subfield code='c'>1</subfield>
        <subfield code='o'>0</subfield>
        <subfield code='b'>00011555685</subfield>
        <subfield code='p'>090##</subfield>
        <subfield code='q'>|aZ1000 .A51</subfield>
        <subfield code='v'>v.3(1897)</subfield>
      </datafield>
      <datafield ind1='9' ind2='1' tag='999'>
        <subfield code='i'>i1774933</subfield>
        <subfield code='l'>wcda</subfield>
        <subfield code='s'>o</subfield>
        <subfield code='t'>2</subfield>
        <subfield code='c'>1</subfield>
        <subfield code='o'>0</subfield>
        <subfield code='b'>00011555694</subfield>
        <subfield code='p'>090##</subfield>
        <subfield code='q'>|aZ1000 .A51</subfield>
        <subfield code='v'>v.4(1898)</subfield>
      </datafield>
      <datafield ind1='9' ind2='1' tag='999'>
        <subfield code='i'>i1774935</subfield>
        <subfield code='l'>wcda</subfield>
        <subfield code='s'>o</subfield>
        <subfield code='t'>2</subfield>
        <subfield code='c'>1</subfield>
        <subfield code='o'>0</subfield>
        <subfield code='b'>00011555701</subfield>
        <subfield code='p'>090##</subfield>
        <subfield code='q'>|aZ1000 .A51</subfield>
        <subfield code='v'>v.5(1899)</subfield>
      </datafield>
      <datafield ind1='9' ind2='1' tag='999'>
        <subfield code='i'>i1774937</subfield>
        <subfield code='l'>wcda</subfield>
        <subfield code='s'>o</subfield>
        <subfield code='t'>2</subfield>
        <subfield code='c'>1</subfield>
        <subfield code='o'>0</subfield>
        <subfield code='b'>00011555710</subfield>
        <subfield code='p'>090##</subfield>
        <subfield code='q'>|aZ1000 .A51</subfield>
        <subfield code='v'>v.6(1900)</subfield>
      </datafield>
      <datafield ind1='9' ind2='1' tag='999'>
        <subfield code='i'>i1774939</subfield>
        <subfield code='l'>wcda</subfield>
        <subfield code='s'>o</subfield>
        <subfield code='t'>2</subfield>
        <subfield code='c'>1</subfield>
        <subfield code='o'>0</subfield>
        <subfield code='b'>00011555729</subfield>
        <subfield code='p'>090##</subfield>
        <subfield code='q'>|aZ1000 .A51</subfield>
        <subfield code='v'>v.7(1901)</subfield>
      </datafield>
      <datafield ind1='9' ind2='1' tag='999'>
        <subfield code='i'>i1774941</subfield>
        <subfield code='l'>wcda</subfield>
        <subfield code='s'>o</subfield>
        <subfield code='t'>2</subfield>
        <subfield code='c'>1</subfield>
        <subfield code='o'>0</subfield>
        <subfield code='b'>00011555738</subfield>
        <subfield code='p'>090##</subfield>
        <subfield code='q'>|aZ1000 .A51</subfield>
        <subfield code='v'>v.8(1902)</subfield>
      </datafield>
      <datafield ind1='9' ind2='1' tag='999'>
        <subfield code='i'>i1774943</subfield>
        <subfield code='l'>wcda</subfield>
        <subfield code='s'>o</subfield>
        <subfield code='t'>2</subfield>
        <subfield code='c'>1</subfield>
        <subfield code='o'>0</subfield>
        <subfield code='b'>00011555836</subfield>
        <subfield code='p'>090##</subfield>
        <subfield code='q'>|aZ1000 .A51</subfield>
        <subfield code='v'>v.9(1903)</subfield>
      </datafield>
      <datafield ind1='9' ind2='1' tag='999'>
        <subfield code='i'>i1774944</subfield>
        <subfield code='l'>wcda</subfield>
        <subfield code='s'>o</subfield>
        <subfield code='t'>2</subfield>
        <subfield code='c'>1</subfield>
        <subfield code='o'>0</subfield>
        <subfield code='b'>00011555845</subfield>
        <subfield code='p'>090##</subfield>
        <subfield code='q'>|aZ1000 .A51</subfield>
        <subfield code='v'>v.10(1904)</subfield>
      </datafield>
      <datafield ind1='9' ind2='1' tag='999'>
        <subfield code='i'>i1774947</subfield>
        <subfield code='l'>wcda</subfield>
        <subfield code='s'>o</subfield>
        <subfield code='t'>2</subfield>
        <subfield code='c'>1</subfield>
        <subfield code='o'>0</subfield>
        <subfield code='b'>00011555854</subfield>
        <subfield code='p'>090##</subfield>
        <subfield code='q'>|aZ1000 .A51</subfield>
        <subfield code='v'>v.11(1905)</subfield>
      </datafield>
      <datafield ind1='9' ind2='1' tag='999'>
        <subfield code='i'>i1774949</subfield>
        <subfield code='l'>wcda</subfield>
        <subfield code='s'>o</subfield>
        <subfield code='t'>2</subfield>
        <subfield code='c'>1</subfield>
        <subfield code='o'>0</subfield>
        <subfield code='b'>00011555863</subfield>
        <subfield code='p'>090##</subfield>
        <subfield code='q'>|aZ1000 .A51</subfield>
        <subfield code='v'>v.12(1906)</subfield>
      </datafield>
      <datafield ind1='9' ind2='1' tag='999'>
        <subfield code='i'>i1774950</subfield>
        <subfield code='l'>wcda</subfield>
        <subfield code='s'>o</subfield>
        <subfield code='t'>2</subfield>
        <subfield code='c'>1</subfield>
        <subfield code='o'>0</subfield>
        <subfield code='b'>00011555872</subfield>
        <subfield code='p'>090##</subfield>
        <subfield code='q'>|aZ1000 .A51</subfield>
        <subfield code='v'>v.13(1907)</subfield>
      </datafield>
      <datafield ind1='9' ind2='1' tag='999'>
        <subfield code='i'>i1774951</subfield>
        <subfield code='l'>wcda</subfield>
        <subfield code='s'>o</subfield>
        <subfield code='t'>2</subfield>
        <subfield code='c'>1</subfield>
        <subfield code='o'>0</subfield>
        <subfield code='b'>00011555881</subfield>
        <subfield code='p'>090##</subfield>
        <subfield code='q'>|aZ1000 .A51</subfield>
        <subfield code='v'>v.14(1908)</subfield>
      </datafield>
      <datafield ind1='9' ind2='1' tag='999'>
        <subfield code='i'>i1774952</subfield>
        <subfield code='l'>wcda</subfield>
        <subfield code='s'>o</subfield>
        <subfield code='t'>2</subfield>
        <subfield code='c'>1</subfield>
        <subfield code='o'>0</subfield>
        <subfield code='b'>00011555890</subfield>
        <subfield code='p'>090##</subfield>
        <subfield code='q'>|aZ1000 .A51</subfield>
        <subfield code='v'>v.15(1909)</subfield>
      </datafield>
      <datafield ind1='9' ind2='1' tag='999'>
        <subfield code='i'>i1774953</subfield>
        <subfield code='l'>wcda</subfield>
        <subfield code='s'>o</subfield>
        <subfield code='t'>2</subfield>
        <subfield code='c'>1</subfield>
        <subfield code='o'>0</subfield>
        <subfield code='b'>00011555907</subfield>
        <subfield code='p'>090##</subfield>
        <subfield code='q'>|aZ1000 .A51</subfield>
        <subfield code='v'>v.16(1910)</subfield>
      </datafield>
      <datafield ind1='9' ind2='1' tag='999'>
        <subfield code='i'>i1774954</subfield>
        <subfield code='l'>wcda</subfield>
        <subfield code='s'>o</subfield>
        <subfield code='t'>2</subfield>
        <subfield code='c'>1</subfield>
        <subfield code='o'>0</subfield>
        <subfield code='b'>00011555916</subfield>
        <subfield code='p'>090##</subfield>
        <subfield code='q'>|aZ1000 .A51</subfield>
        <subfield code='v'>v.17(1911)</subfield>
      </datafield>
      <datafield ind1='9' ind2='1' tag='999'>
        <subfield code='i'>i1774955</subfield>
        <subfield code='l'>wcda</subfield>
        <subfield code='s'>o</subfield>
        <subfield code='t'>2</subfield>
        <subfield code='c'>1</subfield>
        <subfield code='o'>0</subfield>
        <subfield code='b'>00011555925</subfield>
        <subfield code='p'>090##</subfield>
        <subfield code='q'>|aZ1000 .A51</subfield>
        <subfield code='v'>v.18(1912)</subfield>
      </datafield>
      <datafield ind1='9' ind2='1' tag='999'>
        <subfield code='i'>i1774956</subfield>
        <subfield code='l'>wcda</subfield>
        <subfield code='s'>o</subfield>
        <subfield code='t'>2</subfield>
        <subfield code='c'>1</subfield>
        <subfield code='o'>0</subfield>
        <subfield code='b'>00011555934</subfield>
        <subfield code='p'>090##</subfield>
        <subfield code='q'>|aZ1000 .A51</subfield>
        <subfield code='v'>v.19(1913)</subfield>
      </datafield>
      <datafield ind1='9' ind2='1' tag='999'>
        <subfield code='i'>i1774957</subfield>
        <subfield code='l'>wcda</subfield>
        <subfield code='s'>o</subfield>
        <subfield code='t'>2</subfield>
        <subfield code='c'>1</subfield>
        <subfield code='o'>0</subfield>
        <subfield code='b'>00011555943</subfield>
        <subfield code='p'>090##</subfield>
        <subfield code='q'>|aZ1000 .A51</subfield>
        <subfield code='v'>v.20(1914)</subfield>
      </datafield>
      <datafield ind1='9' ind2='1' tag='999'>
        <subfield code='i'>i1774958</subfield>
        <subfield code='l'>wcda</subfield>
        <subfield code='s'>o</subfield>
        <subfield code='t'>2</subfield>
        <subfield code='c'>1</subfield>
        <subfield code='o'>0</subfield>
        <subfield code='b'>00011555952</subfield>
        <subfield code='p'>090##</subfield>
        <subfield code='q'>|aZ1000 .A51</subfield>
        <subfield code='v'>v.21(1915)</subfield>
      </datafield>
      <datafield ind1='9' ind2='1' tag='999'>
        <subfield code='i'>i1774959</subfield>
        <subfield code='l'>wcda</subfield>
        <subfield code='s'>o</subfield>
        <subfield code='t'>2</subfield>
        <subfield code='c'>1</subfield>
        <subfield code='o'>0</subfield>
        <subfield code='b'>00011555961</subfield>
        <subfield code='p'>090##</subfield>
        <subfield code='q'>|aZ1000 .A51</subfield>
        <subfield code='v'>v.22(1916)</subfield>
      </datafield>
      <datafield ind1='9' ind2='1' tag='999'>
        <subfield code='i'>i1774960</subfield>
        <subfield code='l'>wcda</subfield>
        <subfield code='s'>o</subfield>
        <subfield code='t'>2</subfield>
        <subfield code='c'>1</subfield>
        <subfield code='o'>0</subfield>
        <subfield code='b'>00011555970</subfield>
        <subfield code='p'>090##</subfield>
        <subfield code='q'>|aZ1000 .A51</subfield>
        <subfield code='v'>v.23(1917)</subfield>
      </datafield>
      <datafield ind1='9' ind2='1' tag='999'>
        <subfield code='i'>i1774961</subfield>
        <subfield code='l'>wcda</subfield>
        <subfield code='s'>o</subfield>
        <subfield code='t'>2</subfield>
        <subfield code='c'>1</subfield>
        <subfield code='o'>0</subfield>
        <subfield code='b'>00011555989</subfield>
        <subfield code='p'>090##</subfield>
        <subfield code='q'>|aZ1000 .A51</subfield>
        <subfield code='v'>v.24(1918)</subfield>
      </datafield>
      <datafield ind1='9' ind2='1' tag='999'>
        <subfield code='i'>i1774962</subfield>
        <subfield code='l'>wcda</subfield>
        <subfield code='s'>o</subfield>
        <subfield code='t'>2</subfield>
        <subfield code='c'>1</subfield>
        <subfield code='o'>0</subfield>
        <subfield code='b'>00011555998</subfield>
        <subfield code='p'>090##</subfield>
        <subfield code='q'>|aZ1000 .A51</subfield>
        <subfield code='v'>v.25(1919)</subfield>
      </datafield>
      <datafield ind1='9' ind2='1' tag='999'>
        <subfield code='i'>i1774963</subfield>
        <subfield code='l'>wcda</subfield>
        <subfield code='s'>o</subfield>
        <subfield code='t'>2</subfield>
        <subfield code='c'>1</subfield>
        <subfield code='o'>0</subfield>
        <subfield code='b'>00011556014</subfield>
        <subfield code='p'>090##</subfield>
        <subfield code='q'>|aZ1000 .A51</subfield>
        <subfield code='v'>v.26(1920)</subfield>
      </datafield>
      <datafield ind1='9' ind2='1' tag='999'>
        <subfield code='i'>i1774964</subfield>
        <subfield code='l'>wcda</subfield>
        <subfield code='s'>o</subfield>
        <subfield code='t'>2</subfield>
        <subfield code='c'>1</subfield>
        <subfield code='o'>0</subfield>
        <subfield code='b'>00011556023</subfield>
        <subfield code='p'>090##</subfield>
        <subfield code='q'>|aZ1000 .A51</subfield>
        <subfield code='v'>v.27(1921)</subfield>
      </datafield>
      <datafield ind1='9' ind2='1' tag='999'>
        <subfield code='i'>i1774965</subfield>
        <subfield code='l'>wcda</subfield>
        <subfield code='s'>o</subfield>
        <subfield code='t'>2</subfield>
        <subfield code='c'>1</subfield>
        <subfield code='o'>0</subfield>
        <subfield code='b'>00011556032</subfield>
        <subfield code='p'>090##</subfield>
        <subfield code='q'>|aZ1000 .A51</subfield>
        <subfield code='v'>v.28(1922)</subfield>
      </datafield>
      <datafield ind1='9' ind2='1' tag='999'>
        <subfield code='i'>i1774966</subfield>
        <subfield code='l'>wcda</subfield>
        <subfield code='s'>o</subfield>
        <subfield code='t'>2</subfield>
        <subfield code='c'>1</subfield>
        <subfield code='o'>0</subfield>
        <subfield code='b'>00011556041</subfield>
        <subfield code='p'>090##</subfield>
        <subfield code='q'>|aZ1000 .A51</subfield>
        <subfield code='v'>v.29(1923)</subfield>
      </datafield>
      <datafield ind1='9' ind2='1' tag='999'>
        <subfield code='i'>i1774967</subfield>
        <subfield code='l'>wcda</subfield>
        <subfield code='s'>o</subfield>
        <subfield code='t'>2</subfield>
        <subfield code='c'>1</subfield>
        <subfield code='o'>0</subfield>
        <subfield code='b'>00011556050</subfield>
        <subfield code='p'>090##</subfield>
        <subfield code='q'>|aZ1000 .A51</subfield>
        <subfield code='v'>v.30(1924)</subfield>
      </datafield>
      <datafield ind1='9' ind2='1' tag='999'>
        <subfield code='i'>i1774968</subfield>
        <subfield code='l'>wcda</subfield>
        <subfield code='s'>o</subfield>
        <subfield code='t'>2</subfield>
        <subfield code='c'>1</subfield>
        <subfield code='o'>0</subfield>
        <subfield code='b'>00011556069</subfield>
        <subfield code='p'>090##</subfield>
        <subfield code='q'>|aZ1000 .A51</subfield>
        <subfield code='v'>v.31(1925)</subfield>
      </datafield>
      <datafield ind1='9' ind2='1' tag='999'>
        <subfield code='i'>i1774969</subfield>
        <subfield code='l'>wcda</subfield>
        <subfield code='s'>o</subfield>
        <subfield code='t'>2</subfield>
        <subfield code='c'>1</subfield>
        <subfield code='o'>0</subfield>
        <subfield code='b'>00011556078</subfield>
        <subfield code='p'>090##</subfield>
        <subfield code='q'>|aZ1000 .A51</subfield>
        <subfield code='v'>v.32(1926)</subfield>
      </datafield>
      <datafield ind1='9' ind2='1' tag='999'>
        <subfield code='i'>i1774970</subfield>
        <subfield code='l'>wcda</subfield>
        <subfield code='s'>o</subfield>
        <subfield code='t'>2</subfield>
        <subfield code='c'>1</subfield>
        <subfield code='o'>0</subfield>
        <subfield code='b'>00011556087</subfield>
        <subfield code='p'>090##</subfield>
        <subfield code='q'>|aZ1000 .A51</subfield>
        <subfield code='v'>v.33(1927)</subfield>
      </datafield>
      <datafield ind1='9' ind2='1' tag='999'>
        <subfield code='i'>i1774971</subfield>
        <subfield code='l'>wcda</subfield>
        <subfield code='s'>o</subfield>
        <subfield code='t'>2</subfield>
        <subfield code='c'>1</subfield>
        <subfield code='o'>0</subfield>
        <subfield code='b'>00011556096</subfield>
        <subfield code='p'>090##</subfield>
        <subfield code='q'>|aZ1000 .A51</subfield>
        <subfield code='v'>v.34(1928)</subfield>
      </datafield>
      <datafield ind1='9' ind2='1' tag='999'>
        <subfield code='i'>i1774972</subfield>
        <subfield code='l'>wcda</subfield>
        <subfield code='s'>o</subfield>
        <subfield code='t'>2</subfield>
        <subfield code='c'>1</subfield>
        <subfield code='o'>0</subfield>
        <subfield code='b'>00011556103</subfield>
        <subfield code='p'>090##</subfield>
        <subfield code='q'>|aZ1000 .A51</subfield>
        <subfield code='v'>v.35(1929)</subfield>
      </datafield>
      <datafield ind1='9' ind2='1' tag='999'>
        <subfield code='i'>i1774973</subfield>
        <subfield code='l'>wcda</subfield>
        <subfield code='s'>o</subfield>
        <subfield code='t'>2</subfield>
        <subfield code='c'>1</subfield>
        <subfield code='o'>0</subfield>
        <subfield code='b'>00011556112</subfield>
        <subfield code='p'>090##</subfield>
        <subfield code='q'>|aZ1000 .A51</subfield>
        <subfield code='v'>v.36(1930)</subfield>
      </datafield>
      <datafield ind1='9' ind2='1' tag='999'>
        <subfield code='i'>i1774974</subfield>
        <subfield code='l'>wcda</subfield>
        <subfield code='s'>o</subfield>
        <subfield code='t'>2</subfield>
        <subfield code='c'>1</subfield>
        <subfield code='o'>0</subfield>
        <subfield code='b'>00011556121</subfield>
        <subfield code='p'>090##</subfield>
        <subfield code='q'>|aZ1000 .A51</subfield>
        <subfield code='v'>v.37(1931)</subfield>
      </datafield>
      <datafield ind1='9' ind2='1' tag='999'>
        <subfield code='i'>i1774975</subfield>
        <subfield code='l'>wcda</subfield>
        <subfield code='s'>o</subfield>
        <subfield code='t'>2</subfield>
        <subfield code='c'>1</subfield>
        <subfield code='o'>0</subfield>
        <subfield code='b'>00011556130</subfield>
        <subfield code='p'>090##</subfield>
        <subfield code='q'>|aZ1000 .A51</subfield>
        <subfield code='v'>v.38(1932)</subfield>
      </datafield>
      <datafield ind1='9' ind2='1' tag='999'>
        <subfield code='i'>i1774976</subfield>
        <subfield code='l'>wcda</subfield>
        <subfield code='s'>o</subfield>
        <subfield code='t'>2</subfield>
        <subfield code='c'>1</subfield>
        <subfield code='o'>0</subfield>
        <subfield code='b'>00011556149</subfield>
        <subfield code='p'>090##</subfield>
        <subfield code='q'>|aZ1000 .A51</subfield>
        <subfield code='v'>v.39(1933)</subfield>
      </datafield>
      <datafield ind1='9' ind2='1' tag='999'>
        <subfield code='i'>i1774977</subfield>
        <subfield code='l'>wcda</subfield>
        <subfield code='s'>o</subfield>
        <subfield code='t'>2</subfield>
        <subfield code='c'>1</subfield>
        <subfield code='o'>0</subfield>
        <subfield code='b'>00011556158</subfield>
        <subfield code='p'>090##</subfield>
        <subfield code='q'>|aZ1000 .A51</subfield>
        <subfield code='v'>v.40(1934)</subfield>
      </datafield>
      <datafield ind1='9' ind2='1' tag='999'>
        <subfield code='i'>i1774978</subfield>
        <subfield code='l'>wcda</subfield>
        <subfield code='s'>o</subfield>
        <subfield code='t'>2</subfield>
        <subfield code='c'>1</subfield>
        <subfield code='o'>0</subfield>
        <subfield code='b'>00011556167</subfield>
        <subfield code='p'>090##</subfield>
        <subfield code='q'>|aZ1000 .A51</subfield>
        <subfield code='v'>v.41(1935)</subfield>
      </datafield>
      <datafield ind1='9' ind2='1' tag='999'>
        <subfield code='i'>i1774979</subfield>
        <subfield code='l'>wcda</subfield>
        <subfield code='s'>o</subfield>
        <subfield code='t'>2</subfield>
        <subfield code='c'>1</subfield>
        <subfield code='o'>0</subfield>
        <subfield code='b'>00011556176</subfield>
        <subfield code='p'>090##</subfield>
        <subfield code='q'>|aZ1000 .A51</subfield>
        <subfield code='v'>v.42(1936)</subfield>
      </datafield>
      <datafield ind1='9' ind2='1' tag='999'>
        <subfield code='i'>i1774980</subfield>
        <subfield code='l'>wcda</subfield>
        <subfield code='s'>o</subfield>
        <subfield code='t'>2</subfield>
        <subfield code='c'>1</subfield>
        <subfield code='o'>0</subfield>
        <subfield code='b'>00011556185</subfield>
        <subfield code='p'>090##</subfield>
        <subfield code='q'>|aZ1000 .A51</subfield>
        <subfield code='v'>v.43(1937)</subfield>
      </datafield>
      <datafield ind1='9' ind2='1' tag='999'>
        <subfield code='i'>i1774981</subfield>
        <subfield code='l'>wcda</subfield>
        <subfield code='s'>o</subfield>
        <subfield code='t'>2</subfield>
        <subfield code='c'>1</subfield>
        <subfield code='o'>0</subfield>
        <subfield code='b'>00011556194</subfield>
        <subfield code='p'>090##</subfield>
        <subfield code='q'>|aZ1000 .A51</subfield>
        <subfield code='v'>v.44(1938)</subfield>
      </datafield>
      <datafield ind1='9' ind2='1' tag='999'>
        <subfield code='i'>i1774982</subfield>
        <subfield code='l'>wcda</subfield>
        <subfield code='s'>o</subfield>
        <subfield code='t'>2</subfield>
        <subfield code='c'>1</subfield>
        <subfield code='o'>0</subfield>
        <subfield code='b'>00011556201</subfield>
        <subfield code='p'>090##</subfield>
        <subfield code='q'>|aZ1000 .A51</subfield>
        <subfield code='v'>v.45(1939)</subfield>
      </datafield>
      <datafield ind1='9' ind2='1' tag='999'>
        <subfield code='i'>i1774983</subfield>
        <subfield code='l'>wcda</subfield>
        <subfield code='s'>o</subfield>
        <subfield code='t'>2</subfield>
        <subfield code='c'>1</subfield>
        <subfield code='o'>0</subfield>
        <subfield code='b'>00011556210</subfield>
        <subfield code='p'>090##</subfield>
        <subfield code='q'>|aZ1000 .A51</subfield>
        <subfield code='v'>v.46(1940)</subfield>
      </datafield>
      <datafield ind1='9' ind2='1' tag='999'>
        <subfield code='i'>i1774984</subfield>
        <subfield code='l'>wcda</subfield>
        <subfield code='s'>o</subfield>
        <subfield code='t'>2</subfield>
        <subfield code='c'>1</subfield>
        <subfield code='o'>0</subfield>
        <subfield code='b'>00011556229</subfield>
        <subfield code='p'>090##</subfield>
        <subfield code='q'>|aZ1000 .A51</subfield>
        <subfield code='v'>v.47(1941)</subfield>
      </datafield>
      <datafield ind1='9' ind2='1' tag='999'>
        <subfield code='i'>i1774985</subfield>
        <subfield code='l'>wcda</subfield>
        <subfield code='s'>o</subfield>
        <subfield code='t'>2</subfield>
        <subfield code='c'>1</subfield>
        <subfield code='o'>0</subfield>
        <subfield code='b'>00011556238</subfield>
        <subfield code='p'>090##</subfield>
        <subfield code='q'>|aZ1000 .A51</subfield>
        <subfield code='v'>v.48(1942)</subfield>
      </datafield>
      <datafield ind1='9' ind2='1' tag='999'>
        <subfield code='i'>i1774986</subfield>
        <subfield code='l'>wcda</subfield>
        <subfield code='s'>o</subfield>
        <subfield code='t'>2</subfield>
        <subfield code='c'>1</subfield>
        <subfield code='o'>0</subfield>
        <subfield code='b'>00011556247</subfield>
        <subfield code='p'>090##</subfield>
        <subfield code='q'>|aZ1000 .A51</subfield>
        <subfield code='v'>v.49(1943)</subfield>
      </datafield>
      <datafield ind1='9' ind2='1' tag='999'>
        <subfield code='i'>i1774987</subfield>
        <subfield code='l'>wcda</subfield>
        <subfield code='s'>o</subfield>
        <subfield code='t'>2</subfield>
        <subfield code='c'>1</subfield>
        <subfield code='o'>0</subfield>
        <subfield code='b'>00011556256</subfield>
        <subfield code='p'>090##</subfield>
        <subfield code='q'>|aZ1000 .A51</subfield>
        <subfield code='v'>v.50(1944)</subfield>
      </datafield>
      <datafield ind1='9' ind2='1' tag='999'>
        <subfield code='i'>i1774988</subfield>
        <subfield code='l'>wcda</subfield>
        <subfield code='s'>o</subfield>
        <subfield code='t'>2</subfield>
        <subfield code='c'>1</subfield>
        <subfield code='o'>0</subfield>
        <subfield code='b'>00011556265</subfield>
        <subfield code='p'>090##</subfield>
        <subfield code='q'>|aZ1000 .A51</subfield>
        <subfield code='v'>v.51(1945)</subfield>
      </datafield>
      <datafield ind1='9' ind2='1' tag='999'>
        <subfield code='i'>i1774989</subfield>
        <subfield code='l'>wcda</subfield>
        <subfield code='s'>o</subfield>
        <subfield code='t'>2</subfield>
        <subfield code='c'>1</subfield>
        <subfield code='o'>0</subfield>
        <subfield code='b'>00011556274</subfield>
        <subfield code='p'>090##</subfield>
        <subfield code='q'>|aZ1000 .A51</subfield>
        <subfield code='v'>v.52(1946)</subfield>
      </datafield>
      <datafield ind1='9' ind2='1' tag='999'>
        <subfield code='i'>i1774990</subfield>
        <subfield code='l'>wcda</subfield>
        <subfield code='s'>o</subfield>
        <subfield code='t'>2</subfield>
        <subfield code='c'>1</subfield>
        <subfield code='o'>0</subfield>
        <subfield code='b'>00011556283</subfield>
        <subfield code='p'>090##</subfield>
        <subfield code='q'>|aZ1000 .A51</subfield>
        <subfield code='v'>v.53(1947)</subfield>
      </datafield>
      <datafield ind1='9' ind2='1' tag='999'>
        <subfield code='i'>i1774991</subfield>
        <subfield code='l'>wcda</subfield>
        <subfield code='s'>o</subfield>
        <subfield code='t'>2</subfield>
        <subfield code='c'>1</subfield>
        <subfield code='o'>0</subfield>
        <subfield code='b'>00011556292</subfield>
        <subfield code='p'>090##</subfield>
        <subfield code='q'>|aZ1000 .A51</subfield>
        <subfield code='v'>v.54(1948)</subfield>
      </datafield>
      <datafield ind1='9' ind2='1' tag='999'>
        <subfield code='i'>i1774992</subfield>
        <subfield code='l'>wcda</subfield>
        <subfield code='s'>o</subfield>
        <subfield code='t'>2</subfield>
        <subfield code='c'>1</subfield>
        <subfield code='o'>0</subfield>
        <subfield code='b'>00011556309</subfield>
        <subfield code='p'>090##</subfield>
        <subfield code='q'>|aZ1000 .A51</subfield>
        <subfield code='v'>v.55(1949)</subfield>
      </datafield>
      <datafield ind1='9' ind2='1' tag='999'>
        <subfield code='i'>i1774993</subfield>
        <subfield code='l'>wcda</subfield>
        <subfield code='s'>o</subfield>
        <subfield code='t'>2</subfield>
        <subfield code='c'>1</subfield>
        <subfield code='o'>0</subfield>
        <subfield code='b'>00011556318</subfield>
        <subfield code='p'>090##</subfield>
        <subfield code='q'>|aZ1000 .A51</subfield>
        <subfield code='v'>v.56(1950)</subfield>
      </datafield>
      <datafield ind1='9' ind2='1' tag='999'>
        <subfield code='i'>i1774994</subfield>
        <subfield code='l'>wcda</subfield>
        <subfield code='s'>o</subfield>
        <subfield code='t'>2</subfield>
        <subfield code='c'>1</subfield>
        <subfield code='o'>0</subfield>
        <subfield code='b'>00011556327</subfield>
        <subfield code='p'>090##</subfield>
        <subfield code='q'>|aZ1000 .A51</subfield>
        <subfield code='v'>v.57(1950-51)</subfield>
      </datafield>
      <datafield ind1='9' ind2='1' tag='999'>
        <subfield code='i'>i1774995</subfield>
        <subfield code='l'>wcda</subfield>
        <subfield code='s'>o</subfield>
        <subfield code='t'>2</subfield>
        <subfield code='c'>1</subfield>
        <subfield code='o'>0</subfield>
        <subfield code='b'>00011556336</subfield>
        <subfield code='p'>090##</subfield>
        <subfield code='q'>|aZ1000 .A51</subfield>
        <subfield code='v'>v.58(1951-52)</subfield>
      </datafield>
      <datafield ind1='9' ind2='1' tag='999'>
        <subfield code='i'>i1774996</subfield>
        <subfield code='l'>wcda</subfield>
        <subfield code='s'>o</subfield>
        <subfield code='t'>2</subfield>
        <subfield code='c'>1</subfield>
        <subfield code='o'>0</subfield>
        <subfield code='b'>00011556345</subfield>
        <subfield code='p'>090##</subfield>
        <subfield code='q'>|aZ1000 .A51</subfield>
        <subfield code='v'>v.59(1952-53)</subfield>
      </datafield>
      <datafield ind1='9' ind2='1' tag='999'>
        <subfield code='i'>i1774997</subfield>
        <subfield code='l'>wcda</subfield>
        <subfield code='s'>o</subfield>
        <subfield code='t'>2</subfield>
        <subfield code='c'>1</subfield>
        <subfield code='o'>0</subfield>
        <subfield code='b'>00011556354</subfield>
        <subfield code='p'>090##</subfield>
        <subfield code='q'>|aZ1000 .A51</subfield>
        <subfield code='v'>v.60(1953-54)</subfield>
      </datafield>
      <datafield ind1='9' ind2='1' tag='999'>
        <subfield code='i'>i1774998</subfield>
        <subfield code='l'>wcda</subfield>
        <subfield code='s'>o</subfield>
        <subfield code='t'>2</subfield>
        <subfield code='c'>1</subfield>
        <subfield code='o'>0</subfield>
        <subfield code='b'>00011556363</subfield>
        <subfield code='p'>090##</subfield>
        <subfield code='q'>|aZ1000 .A51</subfield>
        <subfield code='v'>v.61(1954-55)</subfield>
      </datafield>
      <datafield ind1='9' ind2='1' tag='999'>
        <subfield code='i'>i1774999</subfield>
        <subfield code='l'>wcda</subfield>
        <subfield code='s'>o</subfield>
        <subfield code='t'>2</subfield>
        <subfield code='c'>1</subfield>
        <subfield code='o'>0</subfield>
        <subfield code='b'>00011556372</subfield>
        <subfield code='p'>090##</subfield>
        <subfield code='q'>|aZ1000 .A51</subfield>
        <subfield code='v'>v.62(1956)</subfield>
      </datafield>
      <datafield ind1='9' ind2='1' tag='999'>
        <subfield code='i'>i1775000</subfield>
        <subfield code='l'>wcda</subfield>
        <subfield code='s'>o</subfield>
        <subfield code='t'>2</subfield>
        <subfield code='c'>1</subfield>
        <subfield code='o'>0</subfield>
        <subfield code='b'>00011556381</subfield>
        <subfield code='p'>090##</subfield>
        <subfield code='q'>|aZ1000 .A51</subfield>
        <subfield code='v'>v.63(1957)</subfield>
      </datafield>
      <datafield ind1='9' ind2='1' tag='999'>
        <subfield code='i'>i1775001</subfield>
        <subfield code='l'>wcda</subfield>
        <subfield code='s'>o</subfield>
        <subfield code='t'>2</subfield>
        <subfield code='c'>1</subfield>
        <subfield code='o'>0</subfield>
        <subfield code='b'>00011556390</subfield>
        <subfield code='p'>090##</subfield>
        <subfield code='q'>|aZ1000 .A51</subfield>
        <subfield code='v'>v.64(1958)</subfield>
      </datafield>
      <datafield ind1='9' ind2='1' tag='999'>
        <subfield code='i'>i1775002</subfield>
        <subfield code='l'>wcda</subfield>
        <subfield code='s'>o</subfield>
        <subfield code='t'>2</subfield>
        <subfield code='c'>1</subfield>
        <subfield code='o'>0</subfield>
        <subfield code='b'>00011556407</subfield>
        <subfield code='p'>090##</subfield>
        <subfield code='q'>|aZ1000 .A51</subfield>
        <subfield code='v'>v.65(1959)</subfield>
      </datafield>
      <datafield ind1='9' ind2='1' tag='999'>
        <subfield code='i'>i1775003</subfield>
        <subfield code='l'>wcda</subfield>
        <subfield code='s'>o</subfield>
        <subfield code='t'>2</subfield>
        <subfield code='c'>1</subfield>
        <subfield code='o'>0</subfield>
        <subfield code='b'>00011556416</subfield>
        <subfield code='p'>090##</subfield>
        <subfield code='q'>|aZ1000 .A51</subfield>
        <subfield code='v'>v.66(1960)</subfield>
      </datafield>
      <datafield ind1='9' ind2='1' tag='999'>
        <subfield code='i'>i1775004</subfield>
        <subfield code='l'>wcda</subfield>
        <subfield code='s'>o</subfield>
        <subfield code='t'>2</subfield>
        <subfield code='c'>1</subfield>
        <subfield code='o'>0</subfield>
        <subfield code='b'>00011556425</subfield>
        <subfield code='p'>090##</subfield>
        <subfield code='q'>|aZ1000 .A51</subfield>
        <subfield code='v'>v.67(1961)</subfield>
      </datafield>
      <datafield ind1='9' ind2='1' tag='999'>
        <subfield code='i'>i1775005</subfield>
        <subfield code='l'>wcda</subfield>
        <subfield code='s'>o</subfield>
        <subfield code='t'>2</subfield>
        <subfield code='c'>1</subfield>
        <subfield code='o'>0</subfield>
        <subfield code='b'>00011556434</subfield>
        <subfield code='p'>090##</subfield>
        <subfield code='q'>|aZ1000 .A51</subfield>
        <subfield code='v'>v.68(1962)</subfield>
      </datafield>
      <datafield ind1='9' ind2='1' tag='999'>
        <subfield code='i'>i1775006</subfield>
        <subfield code='l'>wcda</subfield>
        <subfield code='s'>o</subfield>
        <subfield code='t'>2</subfield>
        <subfield code='c'>1</subfield>
        <subfield code='o'>0</subfield>
        <subfield code='b'>00011556443</subfield>
        <subfield code='p'>090##</subfield>
        <subfield code='q'>|aZ1000 .A51</subfield>
        <subfield code='v'>v.69(1963)</subfield>
      </datafield>
      <datafield ind1='9' ind2='1' tag='999'>
        <subfield code='i'>i1775007</subfield>
        <subfield code='l'>wcda</subfield>
        <subfield code='s'>o</subfield>
        <subfield code='t'>2</subfield>
        <subfield code='c'>1</subfield>
        <subfield code='o'>0</subfield>
        <subfield code='b'>00011556452</subfield>
        <subfield code='p'>090##</subfield>
        <subfield code='q'>|aZ1000 .A51</subfield>
        <subfield code='v'>v.70(1964)</subfield>
      </datafield>
      <datafield ind1='9' ind2='1' tag='999'>
        <subfield code='i'>i1775008</subfield>
        <subfield code='l'>wcda</subfield>
        <subfield code='s'>o</subfield>
        <subfield code='t'>2</subfield>
        <subfield code='c'>1</subfield>
        <subfield code='o'>0</subfield>
        <subfield code='b'>00011556461</subfield>
        <subfield code='p'>090##</subfield>
        <subfield code='q'>|aZ1000 .A51</subfield>
        <subfield code='v'>v.71(1965)</subfield>
      </datafield>
      <datafield ind1='9' ind2='1' tag='999'>
        <subfield code='i'>i1775009</subfield>
        <subfield code='l'>wcda</subfield>
        <subfield code='s'>o</subfield>
        <subfield code='t'>2</subfield>
        <subfield code='c'>1</subfield>
        <subfield code='o'>0</subfield>
        <subfield code='b'>00011556470</subfield>
        <subfield code='p'>090##</subfield>
        <subfield code='q'>|aZ1000 .A51</subfield>
        <subfield code='v'>v.72(1966)</subfield>
      </datafield>
      <datafield ind1='9' ind2='1' tag='999'>
        <subfield code='i'>i1775010</subfield>
        <subfield code='l'>wcda</subfield>
        <subfield code='s'>o</subfield>
        <subfield code='t'>2</subfield>
        <subfield code='c'>1</subfield>
        <subfield code='o'>0</subfield>
        <subfield code='b'>00011556489</subfield>
        <subfield code='p'>090##</subfield>
        <subfield code='q'>|aZ1000 .A51</subfield>
        <subfield code='v'>v.73(1967)</subfield>
      </datafield>
      <datafield ind1='9' ind2='1' tag='999'>
        <subfield code='i'>i1775011</subfield>
        <subfield code='l'>wcda</subfield>
        <subfield code='s'>o</subfield>
        <subfield code='t'>2</subfield>
        <subfield code='c'>1</subfield>
        <subfield code='o'>0</subfield>
        <subfield code='b'>00011556498</subfield>
        <subfield code='p'>090##</subfield>
        <subfield code='q'>|aZ1000 .A51</subfield>
        <subfield code='v'>v.74(1968)</subfield>
      </datafield>
      <datafield ind1='9' ind2='1' tag='999'>
        <subfield code='i'>i1775012</subfield>
        <subfield code='l'>wcda</subfield>
        <subfield code='s'>o</subfield>
        <subfield code='t'>2</subfield>
        <subfield code='c'>1</subfield>
        <subfield code='o'>0</subfield>
        <subfield code='b'>00011556504</subfield>
        <subfield code='p'>090##</subfield>
        <subfield code='q'>|aZ1000 .A51</subfield>
        <subfield code='v'>v.75(1969)</subfield>
      </datafield>
      <datafield ind1='9' ind2='1' tag='999'>
        <subfield code='i'>i1775013</subfield>
        <subfield code='l'>wcda</subfield>
        <subfield code='s'>o</subfield>
        <subfield code='t'>2</subfield>
        <subfield code='c'>1</subfield>
        <subfield code='o'>0</subfield>
        <subfield code='b'>00011556513</subfield>
        <subfield code='p'>090##</subfield>
        <subfield code='q'>|aZ1000 .A51</subfield>
        <subfield code='v'>v.76(1970)</subfield>
      </datafield>
      <datafield ind1='9' ind2='1' tag='999'>
        <subfield code='i'>i1775014</subfield>
        <subfield code='l'>wcda</subfield>
        <subfield code='s'>o</subfield>
        <subfield code='t'>2</subfield>
        <subfield code='c'>1</subfield>
        <subfield code='o'>0</subfield>
        <subfield code='b'>00011556522</subfield>
        <subfield code='p'>090##</subfield>
        <subfield code='q'>|aZ1000 .A51</subfield>
        <subfield code='v'>v.77(1971)</subfield>
      </datafield>
      <datafield ind1='9' ind2='1' tag='999'>
        <subfield code='i'>i1775015</subfield>
        <subfield code='l'>wcda</subfield>
        <subfield code='s'>o</subfield>
        <subfield code='t'>2</subfield>
        <subfield code='c'>1</subfield>
        <subfield code='o'>0</subfield>
        <subfield code='b'>00011556531</subfield>
        <subfield code='p'>090##</subfield>
        <subfield code='q'>|aZ1000 .A51</subfield>
        <subfield code='v'>v.78(1972)</subfield>
      </datafield>
      <datafield ind1='9' ind2='1' tag='999'>
        <subfield code='i'>i1775016</subfield>
        <subfield code='l'>wcda</subfield>
        <subfield code='s'>o</subfield>
        <subfield code='t'>2</subfield>
        <subfield code='c'>1</subfield>
        <subfield code='o'>0</subfield>
        <subfield code='b'>00011556540</subfield>
        <subfield code='p'>090##</subfield>
        <subfield code='q'>|aZ1000 .A51</subfield>
        <subfield code='v'>v.79(1973)</subfield>
      </datafield>
      <datafield ind1='9' ind2='1' tag='999'>
        <subfield code='i'>i1775017</subfield>
        <subfield code='l'>wcda</subfield>
        <subfield code='s'>o</subfield>
        <subfield code='t'>2</subfield>
        <subfield code='c'>1</subfield>
        <subfield code='o'>0</subfield>
        <subfield code='b'>00011556559</subfield>
        <subfield code='p'>090##</subfield>
        <subfield code='q'>|aZ1000 .A51</subfield>
        <subfield code='v'>v.80(1974)</subfield>
      </datafield>
      <datafield ind1='9' ind2='1' tag='999'>
        <subfield code='i'>i1775018</subfield>
        <subfield code='l'>wcda</subfield>
        <subfield code='s'>o</subfield>
        <subfield code='t'>2</subfield>
        <subfield code='c'>1</subfield>
        <subfield code='o'>0</subfield>
        <subfield code='b'>00011556568</subfield>
        <subfield code='p'>090##</subfield>
        <subfield code='q'>|aZ1000 .A51</subfield>
        <subfield code='v'>v.81(1975)</subfield>
      </datafield>
      <datafield ind1='9' ind2='1' tag='999'>
        <subfield code='i'>i1775019</subfield>
        <subfield code='l'>wcda</subfield>
        <subfield code='s'>o</subfield>
        <subfield code='t'>2</subfield>
        <subfield code='c'>1</subfield>
        <subfield code='o'>0</subfield>
        <subfield code='b'>00011556906</subfield>
        <subfield code='p'>090##</subfield>
        <subfield code='q'>|aZ1000 .A51</subfield>
        <subfield code='v'>v.82(1976)</subfield>
      </datafield>
      <datafield ind1='9' ind2='1' tag='999'>
        <subfield code='i'>i1775020</subfield>
        <subfield code='l'>wcda</subfield>
        <subfield code='s'>o</subfield>
        <subfield code='t'>2</subfield>
        <subfield code='c'>1</subfield>
        <subfield code='o'>0</subfield>
        <subfield code='b'>00011556899</subfield>
        <subfield code='p'>090##</subfield>
        <subfield code='q'>|aZ1000 .A51</subfield>
        <subfield code='v'>v.83(1977)</subfield>
      </datafield>
      <datafield ind1='9' ind2='1' tag='999'>
        <subfield code='i'>i1775021</subfield>
        <subfield code='l'>wcda</subfield>
        <subfield code='s'>o</subfield>
        <subfield code='t'>2</subfield>
        <subfield code='c'>1</subfield>
        <subfield code='o'>0</subfield>
        <subfield code='b'>00011556880</subfield>
        <subfield code='p'>090##</subfield>
        <subfield code='q'>|aZ1000 .A51</subfield>
        <subfield code='v'>v.84(1978)</subfield>
      </datafield>
      <datafield ind1='9' ind2='1' tag='999'>
        <subfield code='i'>i1775022</subfield>
        <subfield code='l'>wcda</subfield>
        <subfield code='s'>o</subfield>
        <subfield code='t'>2</subfield>
        <subfield code='c'>1</subfield>
        <subfield code='o'>0</subfield>
        <subfield code='b'>00011556871</subfield>
        <subfield code='p'>090##</subfield>
        <subfield code='q'>|aZ1000 .A51</subfield>
        <subfield code='v'>v.85(1979)</subfield>
      </datafield>
      <datafield ind1='9' ind2='1' tag='999'>
        <subfield code='i'>i1775023</subfield>
        <subfield code='l'>wcda</subfield>
        <subfield code='s'>o</subfield>
        <subfield code='t'>2</subfield>
        <subfield code='c'>1</subfield>
        <subfield code='o'>0</subfield>
        <subfield code='b'>00011556862</subfield>
        <subfield code='p'>090##</subfield>
        <subfield code='q'>|aZ1000 .A51</subfield>
        <subfield code='v'>v.86(1980)</subfield>
      </datafield>
      <datafield ind1='9' ind2='1' tag='999'>
        <subfield code='i'>i1775024</subfield>
        <subfield code='l'>wcda</subfield>
        <subfield code='s'>o</subfield>
        <subfield code='t'>2</subfield>
        <subfield code='c'>1</subfield>
        <subfield code='o'>0</subfield>
        <subfield code='b'>00011556853</subfield>
        <subfield code='p'>090##</subfield>
        <subfield code='q'>|aZ1000 .A51</subfield>
        <subfield code='v'>v.87(1981)</subfield>
      </datafield>
      <datafield ind1='9' ind2='1' tag='999'>
        <subfield code='i'>i1775025</subfield>
        <subfield code='l'>wcda</subfield>
        <subfield code='s'>o</subfield>
        <subfield code='t'>2</subfield>
        <subfield code='c'>1</subfield>
        <subfield code='o'>0</subfield>
        <subfield code='b'>00011556844</subfield>
        <subfield code='p'>090##</subfield>
        <subfield code='q'>|aZ1000 .A51</subfield>
        <subfield code='v'>v.88(1982)</subfield>
      </datafield>
      <datafield ind1='9' ind2='1' tag='999'>
        <subfield code='i'>i1775026</subfield>
        <subfield code='l'>wcda</subfield>
        <subfield code='s'>o</subfield>
        <subfield code='t'>2</subfield>
        <subfield code='c'>1</subfield>
        <subfield code='o'>0</subfield>
        <subfield code='b'>00011556835</subfield>
        <subfield code='p'>090##</subfield>
        <subfield code='q'>|aZ1000 .A51</subfield>
        <subfield code='v'>v.89(1983)</subfield>
      </datafield>
      <datafield ind1='9' ind2='1' tag='999'>
        <subfield code='i'>i1775027</subfield>
        <subfield code='l'>wcda</subfield>
        <subfield code='s'>o</subfield>
        <subfield code='t'>2</subfield>
        <subfield code='c'>1</subfield>
        <subfield code='o'>0</subfield>
        <subfield code='b'>00011556826</subfield>
        <subfield code='p'>090##</subfield>
        <subfield code='q'>|aZ1000 .A51</subfield>
        <subfield code='v'>v.90(1984)</subfield>
      </datafield>
      <datafield ind1='9' ind2='1' tag='999'>
        <subfield code='i'>i1775028</subfield>
        <subfield code='l'>wcda</subfield>
        <subfield code='s'>o</subfield>
        <subfield code='t'>2</subfield>
        <subfield code='c'>1</subfield>
        <subfield code='o'>0</subfield>
        <subfield code='b'>00011675181</subfield>
        <subfield code='p'>090##</subfield>
        <subfield code='q'>|aZ1000 .A51</subfield>
        <subfield code='v'>v.91(1985)</subfield>
      </datafield>
      <datafield ind1='9' ind2='1' tag='999'>
        <subfield code='i'>i1775029</subfield>
        <subfield code='l'>wcda</subfield>
        <subfield code='s'>o</subfield>
        <subfield code='t'>2</subfield>
        <subfield code='c'>1</subfield>
        <subfield code='o'>0</subfield>
        <subfield code='b'>00012294466</subfield>
        <subfield code='p'>090##</subfield>
        <subfield code='q'>|aZ1000 .A51</subfield>
        <subfield code='v'>v.92(1986)</subfield>
      </datafield>
      <datafield ind1='9' ind2='1' tag='999'>
        <subfield code='i'>i1775030</subfield>
        <subfield code='l'>wcda</subfield>
        <subfield code='s'>o</subfield>
        <subfield code='t'>2</subfield>
        <subfield code='c'>1</subfield>
        <subfield code='o'>0</subfield>
        <subfield code='b'>00012329768</subfield>
        <subfield code='p'>090##</subfield>
        <subfield code='q'>|aZ1000 .A51</subfield>
        <subfield code='v'>v.93(1987)</subfield>
      </datafield>
      <datafield ind1='9' ind2='1' tag='999'>
        <subfield code='i'>i1775031</subfield>
        <subfield code='l'>wcda</subfield>
        <subfield code='s'>o</subfield>
        <subfield code='t'>2</subfield>
        <subfield code='c'>1</subfield>
        <subfield code='o'>0</subfield>
        <subfield code='b'>00021572530</subfield>
        <subfield code='p'>090##</subfield>
        <subfield code='q'>|aZ1000 .A51</subfield>
        <subfield code='v'>v.94(1988)</subfield>
      </datafield>
      <datafield ind1='9' ind2='1' tag='999'>
        <subfield code='i'>i1775032</subfield>
        <subfield code='l'>wcda</subfield>
        <subfield code='s'>o</subfield>
        <subfield code='t'>2</subfield>
        <subfield code='c'>1</subfield>
        <subfield code='o'>0</subfield>
        <subfield code='b'>00021572727</subfield>
        <subfield code='p'>090##</subfield>
        <subfield code='q'>|aZ1000 .A51</subfield>
        <subfield code='v'>v.95(1989)</subfield>
      </datafield>
      <datafield ind1='9' ind2='1' tag='999'>
        <subfield code='i'>i1775033</subfield>
        <subfield code='l'>wcda</subfield>
        <subfield code='s'>o</subfield>
        <subfield code='t'>2</subfield>
        <subfield code='c'>1</subfield>
        <subfield code='o'>0</subfield>
        <subfield code='b'>00021572718</subfield>
        <subfield code='p'>090##</subfield>
        <subfield code='q'>|aZ1000 .A51</subfield>
        <subfield code='v'>v.96(1990)</subfield>
      </datafield>
      <datafield ind1='9' ind2='1' tag='999'>
        <subfield code='i'>i1775034</subfield>
        <subfield code='l'>wcda</subfield>
        <subfield code='s'>o</subfield>
        <subfield code='t'>2</subfield>
        <subfield code='c'>1</subfield>
        <subfield code='o'>0</subfield>
        <subfield code='b'>00021572709</subfield>
        <subfield code='p'>090##</subfield>
        <subfield code='q'>|aZ1000 .A51</subfield>
        <subfield code='v'>v.97(1991)</subfield>
      </datafield>
      <datafield ind1='9' ind2='1' tag='999'>
        <subfield code='i'>i6117322</subfield>
        <subfield code='l'>wcda</subfield>
        <subfield code='s'>o</subfield>
        <subfield code='t'>2</subfield>
        <subfield code='c'>1</subfield>
        <subfield code='o'>0</subfield>
        <subfield code='b'>00033582659</subfield>
        <subfield code='p'>090##</subfield>
        <subfield code='q'>|aZ1000 .A51</subfield>
        <subfield code='v'>v.98(1992)</subfield>
      </datafield>
      <datafield ind1='9' ind2='1' tag='999'>
        <subfield code='i'>i6117323</subfield>
        <subfield code='l'>wcda</subfield>
        <subfield code='s'>o</subfield>
        <subfield code='t'>2</subfield>
        <subfield code='c'>1</subfield>
        <subfield code='o'>0</subfield>
        <subfield code='b'>00033582855</subfield>
        <subfield code='p'>090##</subfield>
        <subfield code='q'>|aZ1000 .A51</subfield>
        <subfield code='v'>v.99(1993)</subfield>
      </datafield>
      <datafield ind1='9' ind2='1' tag='999'>
        <subfield code='i'>i1774932</subfield>
        <subfield code='l'>wcca</subfield>
        <subfield code='s'>o</subfield>
        <subfield code='t'>2</subfield>
        <subfield code='c'>1</subfield>
        <subfield code='o'>0</subfield>
        <subfield code='b'>00011675190</subfield>
        <subfield code='p'>090##</subfield>
        <subfield code='q'>|aZ1000 .A51</subfield>
        <subfield code='v'>v.101(1995)</subfield>
      </datafield>
      <datafield ind1='9' ind2='1' tag='999'>
        <subfield code='i'>i1774934</subfield>
        <subfield code='l'>wcca</subfield>
        <subfield code='s'>o</subfield>
        <subfield code='t'>2</subfield>
        <subfield code='c'>1</subfield>
        <subfield code='o'>0</subfield>
        <subfield code='b'>00012294509</subfield>
        <subfield code='p'>090##</subfield>
        <subfield code='q'>|aZ1000 .A51</subfield>
        <subfield code='v'>v.102(1996)</subfield>
      </datafield>
      <datafield ind1='9' ind2='1' tag='999'>
        <subfield code='i'>i1774936</subfield>
        <subfield code='l'>wcca</subfield>
        <subfield code='s'>o</subfield>
        <subfield code='t'>2</subfield>
        <subfield code='c'>1</subfield>
        <subfield code='o'>0</subfield>
        <subfield code='b'>00012329722</subfield>
        <subfield code='p'>090##</subfield>
        <subfield code='q'>|aZ1000 .A51</subfield>
        <subfield code='v'>v.103(1997)</subfield>
      </datafield>
      <datafield ind1='9' ind2='1' tag='999'>
        <subfield code='i'>i1774938</subfield>
        <subfield code='l'>wcca</subfield>
        <subfield code='s'>o</subfield>
        <subfield code='t'>2</subfield>
        <subfield code='c'>1</subfield>
        <subfield code='o'>0</subfield>
        <subfield code='b'>00015808752</subfield>
        <subfield code='p'>090##</subfield>
        <subfield code='q'>|aZ1000 .A51</subfield>
        <subfield code='v'>v.104(1998)</subfield>
      </datafield>
      <datafield ind1='9' ind2='1' tag='999'>
        <subfield code='i'>i1774940</subfield>
        <subfield code='l'>wcca</subfield>
        <subfield code='s'>o</subfield>
        <subfield code='t'>2</subfield>
        <subfield code='c'>1</subfield>
        <subfield code='o'>0</subfield>
        <subfield code='b'>00015847737</subfield>
        <subfield code='p'>090##</subfield>
        <subfield code='q'>|aZ1000 .A51</subfield>
        <subfield code='v'>v.105(1999)</subfield>
      </datafield>
      <datafield ind1='9' ind2='1' tag='999'>
        <subfield code='i'>i1774942</subfield>
        <subfield code='l'>wcca</subfield>
        <subfield code='s'>o</subfield>
        <subfield code='t'>2</subfield>
        <subfield code='c'>1</subfield>
        <subfield code='o'>0</subfield>
        <subfield code='b'>00017623252</subfield>
        <subfield code='p'>090##</subfield>
        <subfield code='q'>|aZ1000 .A51</subfield>
        <subfield code='v'>v.106(2000)</subfield>
      </datafield>
      <datafield ind1='9' ind2='1' tag='999'>
        <subfield code='i'>i1774945</subfield>
        <subfield code='l'>wcca</subfield>
        <subfield code='s'>o</subfield>
        <subfield code='t'>2</subfield>
        <subfield code='c'>1</subfield>
        <subfield code='o'>0</subfield>
        <subfield code='b'>00017658474</subfield>
        <subfield code='p'>090##</subfield>
        <subfield code='q'>|aZ1000 .A51</subfield>
        <subfield code='v'>v.107(2001)</subfield>
      </datafield>
      <datafield ind1='9' ind2='1' tag='999'>
        <subfield code='i'>i1774946</subfield>
        <subfield code='l'>wcca</subfield>
        <subfield code='s'>o</subfield>
        <subfield code='t'>2</subfield>
        <subfield code='c'>1</subfield>
        <subfield code='o'>0</subfield>
        <subfield code='b'>00021565325</subfield>
        <subfield code='p'>090##</subfield>
        <subfield code='q'>|aZ1000 .A51</subfield>
        <subfield code='v'>v.108(2002)</subfield>
      </datafield>
      <datafield ind1='9' ind2='1' tag='999'>
        <subfield code='i'>i1774948</subfield>
        <subfield code='l'>wcca</subfield>
        <subfield code='s'>o</subfield>
        <subfield code='t'>2</subfield>
        <subfield code='c'>1</subfield>
        <subfield code='o'>0</subfield>
        <subfield code='b'>00023256637</subfield>
        <subfield code='p'>090##</subfield>
        <subfield code='q'>|aZ1000 .A51</subfield>
        <subfield code='v'>v.109(2003)</subfield>
      </datafield>
      <datafield ind1='9' ind2='1' tag='999'>
        <subfield code='i'>i1775035</subfield>
        <subfield code='l'>wcca</subfield>
        <subfield code='s'>o</subfield>
        <subfield code='t'>2</subfield>
        <subfield code='c'>1</subfield>
        <subfield code='o'>0</subfield>
        <subfield code='b'>00011556577</subfield>
        <subfield code='p'>090##</subfield>
        <subfield code='q'>|aZ1000 .A51</subfield>
        <subfield code='v'>Index:1916-1922</subfield>
      </datafield>
      <datafield ind1='9' ind2='1' tag='999'>
        <subfield code='i'>i1775036</subfield>
        <subfield code='l'>wcca</subfield>
        <subfield code='s'>o</subfield>
        <subfield code='t'>2</subfield>
        <subfield code='c'>1</subfield>
        <subfield code='o'>0</subfield>
        <subfield code='b'>00011556586</subfield>
        <subfield code='p'>090##</subfield>
        <subfield code='q'>|aZ1000 .A51</subfield>
        <subfield code='v'>Index:1923-1932</subfield>
      </datafield>
      <datafield ind1='9' ind2='1' tag='999'>
        <subfield code='i'>i1775037</subfield>
        <subfield code='l'>wcca</subfield>
        <subfield code='s'>o</subfield>
        <subfield code='t'>2</subfield>
        <subfield code='c'>1</subfield>
        <subfield code='o'>0</subfield>
        <subfield code='b'>00011556595</subfield>
        <subfield code='p'>090##</subfield>
        <subfield code='q'>|aZ1000 .A51</subfield>
        <subfield code='v'>Index:1933-1940</subfield>
      </datafield>
      <datafield ind1='9' ind2='1' tag='999'>
        <subfield code='i'>i1775038</subfield>
        <subfield code='l'>wcca</subfield>
        <subfield code='s'>o</subfield>
        <subfield code='t'>2</subfield>
        <subfield code='c'>1</subfield>
        <subfield code='o'>0</subfield>
        <subfield code='b'>00037476392</subfield>
        <subfield code='p'>090##</subfield>
        <subfield code='q'>|aZ1000 .A51</subfield>
        <subfield code='v'>Index:1941-1945</subfield>
      </datafield>
      <datafield ind1='9' ind2='1' tag='999'>
        <subfield code='i'>i1775039</subfield>
        <subfield code='l'>wcca</subfield>
        <subfield code='s'>o</subfield>
        <subfield code='t'>2</subfield>
        <subfield code='c'>1</subfield>
        <subfield code='o'>0</subfield>
        <subfield code='b'>00037476383</subfield>
        <subfield code='p'>090##</subfield>
        <subfield code='q'>|aZ1000 .A51</subfield>
        <subfield code='v'>Index:1945-1950</subfield>
      </datafield>
      <datafield ind1='9' ind2='1' tag='999'>
        <subfield code='i'>i1775040</subfield>
        <subfield code='l'>wcca</subfield>
        <subfield code='s'>o</subfield>
        <subfield code='t'>2</subfield>
        <subfield code='c'>1</subfield>
        <subfield code='o'>0</subfield>
        <subfield code='b'>00037476374</subfield>
        <subfield code='p'>090##</subfield>
        <subfield code='q'>|aZ1000 .A51</subfield>
        <subfield code='v'>Index:1950-1955</subfield>
      </datafield>
      <datafield ind1='9' ind2='1' tag='999'>
        <subfield code='i'>i1775041</subfield>
        <subfield code='l'>wcca</subfield>
        <subfield code='s'>o</subfield>
        <subfield code='t'>2</subfield>
        <subfield code='c'>1</subfield>
        <subfield code='o'>0</subfield>
        <subfield code='b'>00011556602</subfield>
        <subfield code='p'>090##</subfield>
        <subfield code='q'>|aZ1000 .A51</subfield>
        <subfield code='v'>Index:1955-1960</subfield>
      </datafield>
      <datafield ind1='9' ind2='1' tag='999'>
        <subfield code='i'>i1775042</subfield>
        <subfield code='l'>wcca</subfield>
        <subfield code='s'>o</subfield>
        <subfield code='t'>2</subfield>
        <subfield code='c'>1</subfield>
        <subfield code='o'>0</subfield>
        <subfield code='b'>00011556611</subfield>
        <subfield code='p'>090##</subfield>
        <subfield code='q'>|aZ1000 .A51</subfield>
        <subfield code='v'>Index:1960-1965</subfield>
        <subfield code='n'>covers v. 67-71</subfield>
      </datafield>
      <datafield ind1='9' ind2='1' tag='999'>
        <subfield code='i'>i1775043</subfield>
        <subfield code='l'>wcca</subfield>
        <subfield code='s'>o</subfield>
        <subfield code='t'>2</subfield>
        <subfield code='c'>1</subfield>
        <subfield code='o'>0</subfield>
        <subfield code='b'>00011556620</subfield>
        <subfield code='p'>090##</subfield>
        <subfield code='q'>|aZ1000 .A51</subfield>
        <subfield code='v'>Index:1965-1970:A-L</subfield>
        <subfield code='n'>covers v. 72-76</subfield>
      </datafield>
      <datafield ind1='9' ind2='1' tag='999'>
        <subfield code='i'>i1775044</subfield>
        <subfield code='l'>wcca</subfield>
        <subfield code='s'>o</subfield>
        <subfield code='t'>2</subfield>
        <subfield code='c'>1</subfield>
        <subfield code='o'>0</subfield>
        <subfield code='b'>00011556639</subfield>
        <subfield code='p'>090##</subfield>
        <subfield code='q'>|aZ1000 .A51</subfield>
        <subfield code='v'>Index:1965-1970:M-Z</subfield>
        <subfield code='n'>covers v. 72-76</subfield>
      </datafield>
      <datafield ind1='9' ind2='1' tag='999'>
        <subfield code='i'>i1775045</subfield>
        <subfield code='l'>wcca</subfield>
        <subfield code='s'>o</subfield>
        <subfield code='t'>2</subfield>
        <subfield code='c'>1</subfield>
        <subfield code='o'>0</subfield>
        <subfield code='b'>00011556648</subfield>
        <subfield code='p'>090##</subfield>
        <subfield code='q'>|aZ1000 .A51</subfield>
        <subfield code='v'>Index:1970-1975:A-G</subfield>
        <subfield code='n'>covers v. 77-81</subfield>
      </datafield>
      <datafield ind1='9' ind2='1' tag='999'>
        <subfield code='i'>i1775046</subfield>
        <subfield code='l'>wcca</subfield>
        <subfield code='s'>o</subfield>
        <subfield code='t'>2</subfield>
        <subfield code='c'>1</subfield>
        <subfield code='o'>0</subfield>
        <subfield code='b'>00011556657</subfield>
        <subfield code='p'>090##</subfield>
        <subfield code='q'>|aZ1000 .A51</subfield>
        <subfield code='v'>Index:1970-1975:H-Z</subfield>
        <subfield code='n'>covers v. 77-81</subfield>
      </datafield>
      <datafield ind1='9' ind2='1' tag='999'>
        <subfield code='i'>i1775047</subfield>
        <subfield code='l'>wcca</subfield>
        <subfield code='s'>o</subfield>
        <subfield code='t'>2</subfield>
        <subfield code='c'>1</subfield>
        <subfield code='o'>0</subfield>
        <subfield code='b'>00037476365</subfield>
        <subfield code='p'>090##</subfield>
        <subfield code='q'>|aZ1000 .A51</subfield>
        <subfield code='v'>Index:1975-1979:A-G</subfield>
        <subfield code='n'>covers v. 82-85</subfield>
      </datafield>
      <datafield ind1='9' ind2='1' tag='999'>
        <subfield code='i'>i1775048</subfield>
        <subfield code='l'>wcca</subfield>
        <subfield code='s'>o</subfield>
        <subfield code='t'>2</subfield>
        <subfield code='c'>1</subfield>
        <subfield code='o'>0</subfield>
        <subfield code='b'>00037476356</subfield>
        <subfield code='p'>090##</subfield>
        <subfield code='q'>|aZ1000 .A51</subfield>
        <subfield code='v'>Index:1975-1979:H-Z</subfield>
        <subfield code='n'>covers v. 82-85</subfield>
      </datafield>
      <datafield ind1='9' ind2='1' tag='999'>
        <subfield code='i'>i1775049</subfield>
        <subfield code='l'>wcca</subfield>
        <subfield code='s'>o</subfield>
        <subfield code='t'>2</subfield>
        <subfield code='c'>1</subfield>
        <subfield code='o'>0</subfield>
        <subfield code='b'>00011556666</subfield>
        <subfield code='p'>090##</subfield>
        <subfield code='q'>|aZ1000 .A51</subfield>
        <subfield code='v'>Index:1979-1983:A-F</subfield>
        <subfield code='n'>covers v. 86-89</subfield>
      </datafield>
      <datafield ind1='9' ind2='1' tag='999'>
        <subfield code='i'>i1775050</subfield>
        <subfield code='l'>wcca</subfield>
        <subfield code='s'>o</subfield>
        <subfield code='t'>2</subfield>
        <subfield code='c'>1</subfield>
        <subfield code='o'>0</subfield>
        <subfield code='b'>00011556675</subfield>
        <subfield code='p'>090##</subfield>
        <subfield code='q'>|aZ1000 .A51</subfield>
        <subfield code='v'>Index:1979-1983:G-Z</subfield>
        <subfield code='n'>covers v. 86-89</subfield>
      </datafield>
      <datafield ind1='9' ind2='1' tag='999'>
        <subfield code='i'>i1775051</subfield>
        <subfield code='l'>wcca</subfield>
        <subfield code='s'>o</subfield>
        <subfield code='t'>2</subfield>
        <subfield code='c'>1</subfield>
        <subfield code='o'>0</subfield>
        <subfield code='b'>00011556684</subfield>
        <subfield code='p'>090##</subfield>
        <subfield code='q'>|aZ1000 .A51</subfield>
        <subfield code='v'>Index:1983-1987:A-D</subfield>
        <subfield code='n'>covers v. 90-93</subfield>
      </datafield>
      <datafield ind1='9' ind2='1' tag='999'>
        <subfield code='i'>i1775052</subfield>
        <subfield code='l'>wcca</subfield>
        <subfield code='s'>o</subfield>
        <subfield code='t'>2</subfield>
        <subfield code='c'>1</subfield>
        <subfield code='o'>0</subfield>
        <subfield code='b'>00011556693</subfield>
        <subfield code='p'>090##</subfield>
        <subfield code='q'>|aZ1000 .A51</subfield>
        <subfield code='v'>Index:1983-1987:E-Z</subfield>
        <subfield code='n'>covers v. 90-93</subfield>
      </datafield>
      <datafield ind1='9' ind2='1' tag='999'>
        <subfield code='i'>i1775053</subfield>
        <subfield code='l'>wcca</subfield>
        <subfield code='s'>o</subfield>
        <subfield code='t'>2</subfield>
        <subfield code='c'>1</subfield>
        <subfield code='o'>0</subfield>
        <subfield code='b'>00037476347</subfield>
        <subfield code='p'>090##</subfield>
        <subfield code='q'>|aZ1000 .A51</subfield>
        <subfield code='v'>Index:1987-1991:A-B</subfield>
        <subfield code='n'>covers v. 94-97</subfield>
      </datafield>
      <datafield ind1='9' ind2='1' tag='999'>
        <subfield code='i'>i1775054</subfield>
        <subfield code='l'>wcca</subfield>
        <subfield code='s'>o</subfield>
        <subfield code='t'>2</subfield>
        <subfield code='c'>1</subfield>
        <subfield code='o'>0</subfield>
        <subfield code='b'>00037476338</subfield>
        <subfield code='p'>090##</subfield>
        <subfield code='q'>|aZ1000 .A51</subfield>
        <subfield code='v'>Index:1987-1991:C-Z</subfield>
        <subfield code='n'>covers v. 94-97</subfield>
      </datafield>
      <datafield ind1='9' ind2='1' tag='999'>
        <subfield code='i'>i6137364</subfield>
        <subfield code='l'>wcca</subfield>
        <subfield code='s'>o</subfield>
        <subfield code='t'>2</subfield>
        <subfield code='c'>1</subfield>
        <subfield code='o'>0</subfield>
        <subfield code='b'>00037476560</subfield>
        <subfield code='p'>090##</subfield>
        <subfield code='q'>|aZ1000 .A51</subfield>
        <subfield code='v'>v.110(2004)</subfield>
      </datafield>
      <datafield ind1='9' ind2='2' tag='999'>
        <subfield code='a'>c1370653</subfield>
        <subfield code='b'>trln</subfield>
        <subfield code='c'>0</subfield>
      </datafield>
      <datafield ind1='9' ind2='3' tag='999'>
        <subfield code='0'>c1370653</subfield>
        <subfield code='2'>852</subfield>
        <subfield code='3'>c</subfield>
        <subfield code='b'>555541</subfield>
        <subfield code='h'>Z1000</subfield>
        <subfield code='i'>.A51</subfield>
        <subfield code='x'>trans from ref</subfield>
      </datafield>
      <datafield ind1='9' ind2='3' tag='999'>
        <subfield code='0'>c1370653</subfield>
        <subfield code='2'>853</subfield>
        <subfield code='3'>y</subfield>
        <subfield code='8'>1</subfield>
        <subfield code='a'>v.</subfield>
        <subfield code='b'>no.</subfield>
        <subfield code='i'>(year)</subfield>
      </datafield>
      <datafield ind1='9' ind2='3' tag='999'>
        <subfield code='0'>c1370653</subfield>
        <subfield code='2'>854</subfield>
        <subfield code='3'>y</subfield>
        <subfield code='8'>1</subfield>
        <subfield code='a'>(year)</subfield>
      </datafield>
      <datafield ind1='9' ind2='3' tag='999'>
        <subfield code='0'>c1370653</subfield>
        <subfield code='2'>855</subfield>
        <subfield code='3'>y</subfield>
        <subfield code='8'>1</subfield>
        <subfield code='a'>(year)</subfield>
      </datafield>
      <datafield ind1='9' ind2='3' tag='999'>
        <subfield code='0'>c1370653</subfield>
        <subfield code='2'>865</subfield>
        <subfield code='3'>h</subfield>
        <subfield code='8'>1.2</subfield>
        <subfield code='a'>1941-1955</subfield>
        <subfield code='w'>g</subfield>
      </datafield>
      <datafield ind1='9' ind2='3' tag='999'>
        <subfield code='0'>c1370653</subfield>
        <subfield code='2'>865</subfield>
        <subfield code='3'>h</subfield>
        <subfield code='8'>1.3</subfield>
        <subfield code='a'>1975/1979</subfield>
        <subfield code='w'>g</subfield>
      </datafield>
      <datafield ind1='9' ind2='3' tag='999'>
        <subfield code='0'>c1370653</subfield>
        <subfield code='2'>865</subfield>
        <subfield code='3'>h</subfield>
        <subfield code='8'>1.4</subfield>
        <subfield code='a'>1987/1991</subfield>
      </datafield>
      <datafield ind1='9' ind2='3' tag='999'>
        <subfield code='0'>c1370653</subfield>
        <subfield code='2'>866</subfield>
        <subfield code='3'>h</subfield>
        <subfield code='8'>1</subfield>
        <subfield code='a'>v.82(1975)-v.100(1994)</subfield>
      </datafield>
      <datafield ind1='9' ind2='3' tag='999'>
        <subfield code='0'>c1370653</subfield>
        <subfield code='2'>867</subfield>
        <subfield code='3'>h</subfield>
        <subfield code='8'>1</subfield>
        <subfield code='a'>1979</subfield>
      </datafield>
      <datafield ind1='9' ind2='3' tag='999'>
        <subfield code='0'>c1370653</subfield>
        <subfield code='2'>868</subfield>
        <subfield code='3'>h</subfield>
        <subfield code='8'>1</subfield>
        <subfield code='a'>1923/1932, 1941-1955, 1975/1979, 1987/1991 </subfield>
      </datafield>
      <datafield ind1='9' ind2='2' tag='999'>
        <subfield code='a'>c1406276</subfield>
        <subfield code='b'>wcda</subfield>
        <subfield code='c'>0</subfield>
      </datafield>
      <datafield ind1='9' ind2='3' tag='999'>
        <subfield code='0'>c1406276</subfield>
        <subfield code='2'>852</subfield>
        <subfield code='3'>c</subfield>
        <subfield code='b'>572211</subfield>
        <subfield code='h'>Z1000</subfield>
        <subfield code='i'>.A51</subfield>
        <subfield code='x'>v. 1-81 trans from ref</subfield>
      </datafield>
      <datafield ind1='9' ind2='3' tag='999'>
        <subfield code='0'>c1406276</subfield>
        <subfield code='2'>853</subfield>
        <subfield code='3'>y</subfield>
        <subfield code='8'>1</subfield>
        <subfield code='a'>v.</subfield>
        <subfield code='i'>(year)</subfield>
        <subfield code='t'>c.</subfield>
      </datafield>
      <datafield ind1='9' ind2='3' tag='999'>
        <subfield code='0'>c1406276</subfield>
        <subfield code='2'>863</subfield>
        <subfield code='3'>h</subfield>
        <subfield code='8'>1.1</subfield>
        <subfield code='a'>1</subfield>
        <subfield code='i'>1895</subfield>
      </datafield>
      <datafield ind1='9' ind2='3' tag='999'>
        <subfield code='0'>c1406276</subfield>
        <subfield code='2'>863</subfield>
        <subfield code='3'>h</subfield>
        <subfield code='8'>1.2</subfield>
        <subfield code='a'>2</subfield>
        <subfield code='i'>1896</subfield>
      </datafield>
      <datafield ind1='9' ind2='3' tag='999'>
        <subfield code='0'>c1406276</subfield>
        <subfield code='2'>863</subfield>
        <subfield code='3'>h</subfield>
        <subfield code='8'>1.3</subfield>
        <subfield code='a'>3</subfield>
        <subfield code='i'>1897</subfield>
      </datafield>
      <datafield ind1='9' ind2='3' tag='999'>
        <subfield code='0'>c1406276</subfield>
        <subfield code='2'>863</subfield>
        <subfield code='3'>h</subfield>
        <subfield code='8'>1.4</subfield>
        <subfield code='a'>4</subfield>
        <subfield code='i'>1898</subfield>
      </datafield>
      <datafield ind1='9' ind2='3' tag='999'>
        <subfield code='0'>c1406276</subfield>
        <subfield code='2'>863</subfield>
        <subfield code='3'>h</subfield>
        <subfield code='8'>1.5</subfield>
        <subfield code='a'>5</subfield>
        <subfield code='i'>1899</subfield>
      </datafield>
      <datafield ind1='9' ind2='3' tag='999'>
        <subfield code='0'>c1406276</subfield>
        <subfield code='2'>863</subfield>
        <subfield code='3'>h</subfield>
        <subfield code='8'>1.6</subfield>
        <subfield code='a'>6</subfield>
        <subfield code='i'>1900</subfield>
      </datafield>
      <datafield ind1='9' ind2='3' tag='999'>
        <subfield code='0'>c1406276</subfield>
        <subfield code='2'>863</subfield>
        <subfield code='3'>h</subfield>
        <subfield code='8'>1.7</subfield>
        <subfield code='a'>7</subfield>
        <subfield code='i'>1901</subfield>
      </datafield>
      <datafield ind1='9' ind2='3' tag='999'>
        <subfield code='0'>c1406276</subfield>
        <subfield code='2'>863</subfield>
        <subfield code='3'>h</subfield>
        <subfield code='8'>1.8</subfield>
        <subfield code='a'>8</subfield>
        <subfield code='i'>1902</subfield>
      </datafield>
      <datafield ind1='9' ind2='3' tag='999'>
        <subfield code='0'>c1406276</subfield>
        <subfield code='2'>863</subfield>
        <subfield code='3'>h</subfield>
        <subfield code='8'>1.9</subfield>
        <subfield code='a'>9</subfield>
        <subfield code='i'>1903</subfield>
      </datafield>
      <datafield ind1='9' ind2='3' tag='999'>
        <subfield code='0'>c1406276</subfield>
        <subfield code='2'>863</subfield>
        <subfield code='3'>h</subfield>
        <subfield code='8'>1.10</subfield>
        <subfield code='a'>10</subfield>
        <subfield code='i'>1904</subfield>
      </datafield>
      <datafield ind1='9' ind2='3' tag='999'>
        <subfield code='0'>c1406276</subfield>
        <subfield code='2'>863</subfield>
        <subfield code='3'>h</subfield>
        <subfield code='8'>1.11</subfield>
        <subfield code='a'>11</subfield>
        <subfield code='i'>1905</subfield>
      </datafield>
      <datafield ind1='9' ind2='3' tag='999'>
        <subfield code='0'>c1406276</subfield>
        <subfield code='2'>863</subfield>
        <subfield code='3'>h</subfield>
        <subfield code='8'>1.12</subfield>
        <subfield code='a'>12</subfield>
        <subfield code='i'>1906</subfield>
      </datafield>
      <datafield ind1='9' ind2='3' tag='999'>
        <subfield code='0'>c1406276</subfield>
        <subfield code='2'>863</subfield>
        <subfield code='3'>h</subfield>
        <subfield code='8'>1.13</subfield>
        <subfield code='a'>13</subfield>
        <subfield code='i'>1907</subfield>
      </datafield>
      <datafield ind1='9' ind2='3' tag='999'>
        <subfield code='0'>c1406276</subfield>
        <subfield code='2'>863</subfield>
        <subfield code='3'>h</subfield>
        <subfield code='8'>1.14</subfield>
        <subfield code='a'>14</subfield>
        <subfield code='i'>1908</subfield>
      </datafield>
      <datafield ind1='9' ind2='3' tag='999'>
        <subfield code='0'>c1406276</subfield>
        <subfield code='2'>863</subfield>
        <subfield code='3'>h</subfield>
        <subfield code='8'>1.15</subfield>
        <subfield code='a'>15</subfield>
        <subfield code='i'>1909</subfield>
      </datafield>
      <datafield ind1='9' ind2='3' tag='999'>
        <subfield code='0'>c1406276</subfield>
        <subfield code='2'>863</subfield>
        <subfield code='3'>h</subfield>
        <subfield code='8'>1.16</subfield>
        <subfield code='a'>16</subfield>
        <subfield code='i'>1910</subfield>
      </datafield>
      <datafield ind1='9' ind2='3' tag='999'>
        <subfield code='0'>c1406276</subfield>
        <subfield code='2'>863</subfield>
        <subfield code='3'>h</subfield>
        <subfield code='8'>1.17</subfield>
        <subfield code='a'>17</subfield>
        <subfield code='i'>1911</subfield>
      </datafield>
      <datafield ind1='9' ind2='3' tag='999'>
        <subfield code='0'>c1406276</subfield>
        <subfield code='2'>863</subfield>
        <subfield code='3'>h</subfield>
        <subfield code='8'>1.18</subfield>
        <subfield code='a'>18</subfield>
        <subfield code='i'>1912</subfield>
      </datafield>
      <datafield ind1='9' ind2='3' tag='999'>
        <subfield code='0'>c1406276</subfield>
        <subfield code='2'>863</subfield>
        <subfield code='3'>h</subfield>
        <subfield code='8'>1.19</subfield>
        <subfield code='a'>19</subfield>
        <subfield code='i'>1913</subfield>
      </datafield>
      <datafield ind1='9' ind2='3' tag='999'>
        <subfield code='0'>c1406276</subfield>
        <subfield code='2'>863</subfield>
        <subfield code='3'>h</subfield>
        <subfield code='8'>1.20</subfield>
        <subfield code='a'>20</subfield>
        <subfield code='i'>1914</subfield>
      </datafield>
      <datafield ind1='9' ind2='3' tag='999'>
        <subfield code='0'>c1406276</subfield>
        <subfield code='2'>863</subfield>
        <subfield code='3'>h</subfield>
        <subfield code='8'>1.21</subfield>
        <subfield code='a'>21</subfield>
        <subfield code='i'>1915</subfield>
      </datafield>
      <datafield ind1='9' ind2='3' tag='999'>
        <subfield code='0'>c1406276</subfield>
        <subfield code='2'>863</subfield>
        <subfield code='3'>h</subfield>
        <subfield code='8'>1.22</subfield>
        <subfield code='a'>22</subfield>
        <subfield code='i'>1916</subfield>
      </datafield>
      <datafield ind1='9' ind2='3' tag='999'>
        <subfield code='0'>c1406276</subfield>
        <subfield code='2'>863</subfield>
        <subfield code='3'>h</subfield>
        <subfield code='8'>1.23</subfield>
        <subfield code='a'>23</subfield>
        <subfield code='i'>1917</subfield>
      </datafield>
      <datafield ind1='9' ind2='3' tag='999'>
        <subfield code='0'>c1406276</subfield>
        <subfield code='2'>863</subfield>
        <subfield code='3'>h</subfield>
        <subfield code='8'>1.24</subfield>
        <subfield code='a'>24</subfield>
        <subfield code='i'>1918</subfield>
      </datafield>
      <datafield ind1='9' ind2='3' tag='999'>
        <subfield code='0'>c1406276</subfield>
        <subfield code='2'>863</subfield>
        <subfield code='3'>h</subfield>
        <subfield code='8'>1.25</subfield>
        <subfield code='a'>25</subfield>
        <subfield code='i'>1919</subfield>
      </datafield>
      <datafield ind1='9' ind2='3' tag='999'>
        <subfield code='0'>c1406276</subfield>
        <subfield code='2'>863</subfield>
        <subfield code='3'>h</subfield>
        <subfield code='8'>1.26</subfield>
        <subfield code='a'>26</subfield>
        <subfield code='i'>1920</subfield>
      </datafield>
      <datafield ind1='9' ind2='3' tag='999'>
        <subfield code='0'>c1406276</subfield>
        <subfield code='2'>863</subfield>
        <subfield code='3'>h</subfield>
        <subfield code='8'>1.27</subfield>
        <subfield code='a'>27</subfield>
        <subfield code='i'>1921</subfield>
      </datafield>
      <datafield ind1='9' ind2='3' tag='999'>
        <subfield code='0'>c1406276</subfield>
        <subfield code='2'>863</subfield>
        <subfield code='3'>h</subfield>
        <subfield code='8'>1.28</subfield>
        <subfield code='a'>28</subfield>
        <subfield code='i'>1922</subfield>
      </datafield>
      <datafield ind1='9' ind2='3' tag='999'>
        <subfield code='0'>c1406276</subfield>
        <subfield code='2'>863</subfield>
        <subfield code='3'>h</subfield>
        <subfield code='8'>1.29</subfield>
        <subfield code='a'>29</subfield>
        <subfield code='i'>1923</subfield>
      </datafield>
      <datafield ind1='9' ind2='3' tag='999'>
        <subfield code='0'>c1406276</subfield>
        <subfield code='2'>863</subfield>
        <subfield code='3'>h</subfield>
        <subfield code='8'>1.30</subfield>
        <subfield code='a'>30</subfield>
        <subfield code='i'>1924</subfield>
      </datafield>
      <datafield ind1='9' ind2='3' tag='999'>
        <subfield code='0'>c1406276</subfield>
        <subfield code='2'>863</subfield>
        <subfield code='3'>h</subfield>
        <subfield code='8'>1.31</subfield>
        <subfield code='a'>31</subfield>
        <subfield code='i'>1925</subfield>
      </datafield>
      <datafield ind1='9' ind2='3' tag='999'>
        <subfield code='0'>c1406276</subfield>
        <subfield code='2'>863</subfield>
        <subfield code='3'>h</subfield>
        <subfield code='8'>1.32</subfield>
        <subfield code='a'>32</subfield>
        <subfield code='i'>1926</subfield>
      </datafield>
      <datafield ind1='9' ind2='3' tag='999'>
        <subfield code='0'>c1406276</subfield>
        <subfield code='2'>863</subfield>
        <subfield code='3'>h</subfield>
        <subfield code='8'>1.33</subfield>
        <subfield code='a'>33</subfield>
        <subfield code='i'>1927</subfield>
      </datafield>
      <datafield ind1='9' ind2='3' tag='999'>
        <subfield code='0'>c1406276</subfield>
        <subfield code='2'>863</subfield>
        <subfield code='3'>h</subfield>
        <subfield code='8'>1.34</subfield>
        <subfield code='a'>34</subfield>
        <subfield code='i'>1928</subfield>
      </datafield>
      <datafield ind1='9' ind2='3' tag='999'>
        <subfield code='0'>c1406276</subfield>
        <subfield code='2'>863</subfield>
        <subfield code='3'>h</subfield>
        <subfield code='8'>1.35</subfield>
        <subfield code='a'>35</subfield>
        <subfield code='i'>1929</subfield>
      </datafield>
      <datafield ind1='9' ind2='3' tag='999'>
        <subfield code='0'>c1406276</subfield>
        <subfield code='2'>863</subfield>
        <subfield code='3'>h</subfield>
        <subfield code='8'>1.36</subfield>
        <subfield code='a'>36</subfield>
        <subfield code='i'>1930</subfield>
      </datafield>
      <datafield ind1='9' ind2='3' tag='999'>
        <subfield code='0'>c1406276</subfield>
        <subfield code='2'>863</subfield>
        <subfield code='3'>h</subfield>
        <subfield code='8'>1.37</subfield>
        <subfield code='a'>37</subfield>
        <subfield code='i'>1931</subfield>
      </datafield>
      <datafield ind1='9' ind2='3' tag='999'>
        <subfield code='0'>c1406276</subfield>
        <subfield code='2'>863</subfield>
        <subfield code='3'>h</subfield>
        <subfield code='8'>1.38</subfield>
        <subfield code='a'>38</subfield>
        <subfield code='i'>1932</subfield>
      </datafield>
      <datafield ind1='9' ind2='3' tag='999'>
        <subfield code='0'>c1406276</subfield>
        <subfield code='2'>863</subfield>
        <subfield code='3'>h</subfield>
        <subfield code='8'>1.39</subfield>
        <subfield code='a'>39</subfield>
        <subfield code='i'>1933</subfield>
      </datafield>
      <datafield ind1='9' ind2='3' tag='999'>
        <subfield code='0'>c1406276</subfield>
        <subfield code='2'>863</subfield>
        <subfield code='3'>h</subfield>
        <subfield code='8'>1.40</subfield>
        <subfield code='a'>40</subfield>
        <subfield code='i'>1934</subfield>
      </datafield>
      <datafield ind1='9' ind2='3' tag='999'>
        <subfield code='0'>c1406276</subfield>
        <subfield code='2'>863</subfield>
        <subfield code='3'>h</subfield>
        <subfield code='8'>1.41</subfield>
        <subfield code='a'>41</subfield>
        <subfield code='i'>1935</subfield>
      </datafield>
      <datafield ind1='9' ind2='3' tag='999'>
        <subfield code='0'>c1406276</subfield>
        <subfield code='2'>863</subfield>
        <subfield code='3'>h</subfield>
        <subfield code='8'>1.42</subfield>
        <subfield code='a'>42</subfield>
        <subfield code='i'>1936</subfield>
      </datafield>
      <datafield ind1='9' ind2='3' tag='999'>
        <subfield code='0'>c1406276</subfield>
        <subfield code='2'>863</subfield>
        <subfield code='3'>h</subfield>
        <subfield code='8'>1.43</subfield>
        <subfield code='a'>43</subfield>
        <subfield code='i'>1937</subfield>
      </datafield>
      <datafield ind1='9' ind2='3' tag='999'>
        <subfield code='0'>c1406276</subfield>
        <subfield code='2'>863</subfield>
        <subfield code='3'>h</subfield>
        <subfield code='8'>1.44</subfield>
        <subfield code='a'>44</subfield>
        <subfield code='i'>1938</subfield>
      </datafield>
      <datafield ind1='9' ind2='3' tag='999'>
        <subfield code='0'>c1406276</subfield>
        <subfield code='2'>863</subfield>
        <subfield code='3'>h</subfield>
        <subfield code='8'>1.45</subfield>
        <subfield code='a'>45</subfield>
        <subfield code='i'>1939</subfield>
      </datafield>
      <datafield ind1='9' ind2='3' tag='999'>
        <subfield code='0'>c1406276</subfield>
        <subfield code='2'>863</subfield>
        <subfield code='3'>h</subfield>
        <subfield code='8'>1.46</subfield>
        <subfield code='a'>46</subfield>
        <subfield code='i'>1940</subfield>
      </datafield>
      <datafield ind1='9' ind2='3' tag='999'>
        <subfield code='0'>c1406276</subfield>
        <subfield code='2'>863</subfield>
        <subfield code='3'>h</subfield>
        <subfield code='8'>1.47</subfield>
        <subfield code='a'>47</subfield>
        <subfield code='i'>1941</subfield>
      </datafield>
      <datafield ind1='9' ind2='3' tag='999'>
        <subfield code='0'>c1406276</subfield>
        <subfield code='2'>863</subfield>
        <subfield code='3'>h</subfield>
        <subfield code='8'>1.48</subfield>
        <subfield code='a'>48</subfield>
        <subfield code='i'>1942</subfield>
      </datafield>
      <datafield ind1='9' ind2='3' tag='999'>
        <subfield code='0'>c1406276</subfield>
        <subfield code='2'>863</subfield>
        <subfield code='3'>h</subfield>
        <subfield code='8'>1.49</subfield>
        <subfield code='a'>49</subfield>
        <subfield code='i'>1943</subfield>
      </datafield>
      <datafield ind1='9' ind2='3' tag='999'>
        <subfield code='0'>c1406276</subfield>
        <subfield code='2'>863</subfield>
        <subfield code='3'>h</subfield>
        <subfield code='8'>1.50</subfield>
        <subfield code='a'>50</subfield>
        <subfield code='i'>1944</subfield>
      </datafield>
      <datafield ind1='9' ind2='3' tag='999'>
        <subfield code='0'>c1406276</subfield>
        <subfield code='2'>863</subfield>
        <subfield code='3'>h</subfield>
        <subfield code='8'>1.51</subfield>
        <subfield code='a'>51</subfield>
        <subfield code='i'>1945</subfield>
      </datafield>
      <datafield ind1='9' ind2='3' tag='999'>
        <subfield code='0'>c1406276</subfield>
        <subfield code='2'>863</subfield>
        <subfield code='3'>h</subfield>
        <subfield code='8'>1.52</subfield>
        <subfield code='a'>52</subfield>
        <subfield code='i'>1946</subfield>
      </datafield>
      <datafield ind1='9' ind2='3' tag='999'>
        <subfield code='0'>c1406276</subfield>
        <subfield code='2'>863</subfield>
        <subfield code='3'>h</subfield>
        <subfield code='8'>1.53</subfield>
        <subfield code='a'>53</subfield>
        <subfield code='i'>1947</subfield>
      </datafield>
      <datafield ind1='9' ind2='3' tag='999'>
        <subfield code='0'>c1406276</subfield>
        <subfield code='2'>863</subfield>
        <subfield code='3'>h</subfield>
        <subfield code='8'>1.54</subfield>
        <subfield code='a'>54</subfield>
        <subfield code='i'>1948</subfield>
      </datafield>
      <datafield ind1='9' ind2='3' tag='999'>
        <subfield code='0'>c1406276</subfield>
        <subfield code='2'>863</subfield>
        <subfield code='3'>h</subfield>
        <subfield code='8'>1.55</subfield>
        <subfield code='a'>55</subfield>
        <subfield code='i'>1949</subfield>
      </datafield>
      <datafield ind1='9' ind2='3' tag='999'>
        <subfield code='0'>c1406276</subfield>
        <subfield code='2'>863</subfield>
        <subfield code='3'>h</subfield>
        <subfield code='8'>1.56</subfield>
        <subfield code='a'>56</subfield>
        <subfield code='i'>1950</subfield>
      </datafield>
      <datafield ind1='9' ind2='3' tag='999'>
        <subfield code='0'>c1406276</subfield>
        <subfield code='2'>863</subfield>
        <subfield code='3'>h</subfield>
        <subfield code='8'>1.57</subfield>
        <subfield code='a'>57</subfield>
        <subfield code='i'>1950-51</subfield>
      </datafield>
      <datafield ind1='9' ind2='3' tag='999'>
        <subfield code='0'>c1406276</subfield>
        <subfield code='2'>863</subfield>
        <subfield code='3'>h</subfield>
        <subfield code='8'>1.58</subfield>
        <subfield code='a'>58</subfield>
        <subfield code='i'>1951-52</subfield>
      </datafield>
      <datafield ind1='9' ind2='3' tag='999'>
        <subfield code='0'>c1406276</subfield>
        <subfield code='2'>863</subfield>
        <subfield code='3'>h</subfield>
        <subfield code='8'>1.59</subfield>
        <subfield code='a'>59</subfield>
        <subfield code='i'>1952-53</subfield>
      </datafield>
      <datafield ind1='9' ind2='3' tag='999'>
        <subfield code='0'>c1406276</subfield>
        <subfield code='2'>863</subfield>
        <subfield code='3'>h</subfield>
        <subfield code='8'>1.60</subfield>
        <subfield code='a'>60</subfield>
        <subfield code='i'>1953-54</subfield>
      </datafield>
      <datafield ind1='9' ind2='3' tag='999'>
        <subfield code='0'>c1406276</subfield>
        <subfield code='2'>863</subfield>
        <subfield code='3'>h</subfield>
        <subfield code='8'>1.61</subfield>
        <subfield code='a'>61</subfield>
        <subfield code='i'>1954-55</subfield>
      </datafield>
      <datafield ind1='9' ind2='3' tag='999'>
        <subfield code='0'>c1406276</subfield>
        <subfield code='2'>863</subfield>
        <subfield code='3'>h</subfield>
        <subfield code='8'>1.62</subfield>
        <subfield code='a'>62</subfield>
        <subfield code='i'>1956</subfield>
      </datafield>
      <datafield ind1='9' ind2='3' tag='999'>
        <subfield code='0'>c1406276</subfield>
        <subfield code='2'>863</subfield>
        <subfield code='3'>h</subfield>
        <subfield code='8'>1.63</subfield>
        <subfield code='a'>63</subfield>
        <subfield code='i'>1957</subfield>
      </datafield>
      <datafield ind1='9' ind2='3' tag='999'>
        <subfield code='0'>c1406276</subfield>
        <subfield code='2'>863</subfield>
        <subfield code='3'>h</subfield>
        <subfield code='8'>1.64</subfield>
        <subfield code='a'>64</subfield>
        <subfield code='i'>1958</subfield>
      </datafield>
      <datafield ind1='9' ind2='3' tag='999'>
        <subfield code='0'>c1406276</subfield>
        <subfield code='2'>863</subfield>
        <subfield code='3'>h</subfield>
        <subfield code='8'>1.65</subfield>
        <subfield code='a'>65</subfield>
        <subfield code='i'>1959</subfield>
      </datafield>
      <datafield ind1='9' ind2='3' tag='999'>
        <subfield code='0'>c1406276</subfield>
        <subfield code='2'>863</subfield>
        <subfield code='3'>h</subfield>
        <subfield code='8'>1.66</subfield>
        <subfield code='a'>66</subfield>
        <subfield code='i'>1960</subfield>
      </datafield>
      <datafield ind1='9' ind2='3' tag='999'>
        <subfield code='0'>c1406276</subfield>
        <subfield code='2'>863</subfield>
        <subfield code='3'>h</subfield>
        <subfield code='8'>1.67</subfield>
        <subfield code='a'>67</subfield>
        <subfield code='i'>1961</subfield>
      </datafield>
      <datafield ind1='9' ind2='3' tag='999'>
        <subfield code='0'>c1406276</subfield>
        <subfield code='2'>863</subfield>
        <subfield code='3'>h</subfield>
        <subfield code='8'>1.68</subfield>
        <subfield code='a'>68</subfield>
        <subfield code='i'>1962</subfield>
      </datafield>
      <datafield ind1='9' ind2='3' tag='999'>
        <subfield code='0'>c1406276</subfield>
        <subfield code='2'>863</subfield>
        <subfield code='3'>h</subfield>
        <subfield code='8'>1.69</subfield>
        <subfield code='a'>69</subfield>
        <subfield code='i'>1963</subfield>
      </datafield>
      <datafield ind1='9' ind2='3' tag='999'>
        <subfield code='0'>c1406276</subfield>
        <subfield code='2'>863</subfield>
        <subfield code='3'>h</subfield>
        <subfield code='8'>1.70</subfield>
        <subfield code='a'>70</subfield>
        <subfield code='i'>1964</subfield>
      </datafield>
      <datafield ind1='9' ind2='3' tag='999'>
        <subfield code='0'>c1406276</subfield>
        <subfield code='2'>863</subfield>
        <subfield code='3'>h</subfield>
        <subfield code='8'>1.71</subfield>
        <subfield code='a'>71</subfield>
        <subfield code='i'>1965</subfield>
      </datafield>
      <datafield ind1='9' ind2='3' tag='999'>
        <subfield code='0'>c1406276</subfield>
        <subfield code='2'>863</subfield>
        <subfield code='3'>h</subfield>
        <subfield code='8'>1.72</subfield>
        <subfield code='a'>72</subfield>
        <subfield code='i'>1966</subfield>
      </datafield>
      <datafield ind1='9' ind2='3' tag='999'>
        <subfield code='0'>c1406276</subfield>
        <subfield code='2'>863</subfield>
        <subfield code='3'>h</subfield>
        <subfield code='8'>1.73</subfield>
        <subfield code='a'>73</subfield>
        <subfield code='i'>1967</subfield>
      </datafield>
      <datafield ind1='9' ind2='3' tag='999'>
        <subfield code='0'>c1406276</subfield>
        <subfield code='2'>863</subfield>
        <subfield code='3'>h</subfield>
        <subfield code='8'>1.74</subfield>
        <subfield code='a'>74</subfield>
        <subfield code='i'>1968</subfield>
      </datafield>
      <datafield ind1='9' ind2='3' tag='999'>
        <subfield code='0'>c1406276</subfield>
        <subfield code='2'>863</subfield>
        <subfield code='3'>h</subfield>
        <subfield code='8'>1.75</subfield>
        <subfield code='a'>75</subfield>
        <subfield code='i'>1969</subfield>
      </datafield>
      <datafield ind1='9' ind2='3' tag='999'>
        <subfield code='0'>c1406276</subfield>
        <subfield code='2'>863</subfield>
        <subfield code='3'>h</subfield>
        <subfield code='8'>1.76</subfield>
        <subfield code='a'>76</subfield>
        <subfield code='i'>1970</subfield>
      </datafield>
      <datafield ind1='9' ind2='3' tag='999'>
        <subfield code='0'>c1406276</subfield>
        <subfield code='2'>863</subfield>
        <subfield code='3'>h</subfield>
        <subfield code='8'>1.77</subfield>
        <subfield code='a'>77</subfield>
        <subfield code='i'>1971</subfield>
      </datafield>
      <datafield ind1='9' ind2='3' tag='999'>
        <subfield code='0'>c1406276</subfield>
        <subfield code='2'>863</subfield>
        <subfield code='3'>h</subfield>
        <subfield code='8'>1.78</subfield>
        <subfield code='a'>78</subfield>
        <subfield code='i'>1972</subfield>
      </datafield>
      <datafield ind1='9' ind2='3' tag='999'>
        <subfield code='0'>c1406276</subfield>
        <subfield code='2'>863</subfield>
        <subfield code='3'>h</subfield>
        <subfield code='8'>1.79</subfield>
        <subfield code='a'>79</subfield>
        <subfield code='i'>1973</subfield>
      </datafield>
      <datafield ind1='9' ind2='3' tag='999'>
        <subfield code='0'>c1406276</subfield>
        <subfield code='2'>863</subfield>
        <subfield code='3'>h</subfield>
        <subfield code='8'>1.80</subfield>
        <subfield code='a'>80</subfield>
        <subfield code='i'>1974</subfield>
      </datafield>
      <datafield ind1='9' ind2='3' tag='999'>
        <subfield code='0'>c1406276</subfield>
        <subfield code='2'>863</subfield>
        <subfield code='3'>h</subfield>
        <subfield code='8'>1.81</subfield>
        <subfield code='a'>81</subfield>
        <subfield code='i'>1975</subfield>
      </datafield>
      <datafield ind1='9' ind2='3' tag='999'>
        <subfield code='0'>c1406276</subfield>
        <subfield code='2'>863</subfield>
        <subfield code='3'>h</subfield>
        <subfield code='8'>1.82</subfield>
        <subfield code='a'>82</subfield>
        <subfield code='i'>1976</subfield>
      </datafield>
      <datafield ind1='9' ind2='3' tag='999'>
        <subfield code='0'>c1406276</subfield>
        <subfield code='2'>863</subfield>
        <subfield code='3'>h</subfield>
        <subfield code='8'>1.83</subfield>
        <subfield code='a'>83</subfield>
        <subfield code='i'>1977</subfield>
      </datafield>
      <datafield ind1='9' ind2='3' tag='999'>
        <subfield code='0'>c1406276</subfield>
        <subfield code='2'>863</subfield>
        <subfield code='3'>h</subfield>
        <subfield code='8'>1.84</subfield>
        <subfield code='a'>84</subfield>
        <subfield code='i'>1978</subfield>
      </datafield>
      <datafield ind1='9' ind2='3' tag='999'>
        <subfield code='0'>c1406276</subfield>
        <subfield code='2'>863</subfield>
        <subfield code='3'>h</subfield>
        <subfield code='8'>1.85</subfield>
        <subfield code='a'>85</subfield>
        <subfield code='i'>1979</subfield>
      </datafield>
      <datafield ind1='9' ind2='3' tag='999'>
        <subfield code='0'>c1406276</subfield>
        <subfield code='2'>863</subfield>
        <subfield code='3'>h</subfield>
        <subfield code='8'>1.86</subfield>
        <subfield code='a'>86</subfield>
        <subfield code='i'>1980</subfield>
      </datafield>
      <datafield ind1='9' ind2='3' tag='999'>
        <subfield code='0'>c1406276</subfield>
        <subfield code='2'>863</subfield>
        <subfield code='3'>h</subfield>
        <subfield code='8'>1.87</subfield>
        <subfield code='a'>87</subfield>
        <subfield code='i'>1981</subfield>
      </datafield>
      <datafield ind1='9' ind2='3' tag='999'>
        <subfield code='0'>c1406276</subfield>
        <subfield code='2'>863</subfield>
        <subfield code='3'>h</subfield>
        <subfield code='8'>1.88</subfield>
        <subfield code='a'>88</subfield>
        <subfield code='i'>1982</subfield>
      </datafield>
      <datafield ind1='9' ind2='3' tag='999'>
        <subfield code='0'>c1406276</subfield>
        <subfield code='2'>863</subfield>
        <subfield code='3'>h</subfield>
        <subfield code='8'>1.89</subfield>
        <subfield code='a'>89</subfield>
        <subfield code='i'>1983</subfield>
      </datafield>
      <datafield ind1='9' ind2='3' tag='999'>
        <subfield code='0'>c1406276</subfield>
        <subfield code='2'>863</subfield>
        <subfield code='3'>h</subfield>
        <subfield code='8'>1.90</subfield>
        <subfield code='a'>90</subfield>
        <subfield code='i'>1984</subfield>
      </datafield>
      <datafield ind1='9' ind2='3' tag='999'>
        <subfield code='0'>c1406276</subfield>
        <subfield code='2'>863</subfield>
        <subfield code='3'>h</subfield>
        <subfield code='8'>1.91</subfield>
        <subfield code='a'>91</subfield>
        <subfield code='i'>1985</subfield>
      </datafield>
      <datafield ind1='9' ind2='3' tag='999'>
        <subfield code='0'>c1406276</subfield>
        <subfield code='2'>863</subfield>
        <subfield code='3'>h</subfield>
        <subfield code='8'>1.92</subfield>
        <subfield code='a'>92</subfield>
        <subfield code='i'>1986</subfield>
      </datafield>
      <datafield ind1='9' ind2='3' tag='999'>
        <subfield code='0'>c1406276</subfield>
        <subfield code='2'>863</subfield>
        <subfield code='3'>h</subfield>
        <subfield code='8'>1.93</subfield>
        <subfield code='a'>93</subfield>
        <subfield code='i'>1987</subfield>
      </datafield>
      <datafield ind1='9' ind2='3' tag='999'>
        <subfield code='0'>c1406276</subfield>
        <subfield code='2'>863</subfield>
        <subfield code='3'>h</subfield>
        <subfield code='8'>1.94</subfield>
        <subfield code='a'>94</subfield>
        <subfield code='i'>1988</subfield>
      </datafield>
      <datafield ind1='9' ind2='3' tag='999'>
        <subfield code='0'>c1406276</subfield>
        <subfield code='2'>863</subfield>
        <subfield code='3'>h</subfield>
        <subfield code='8'>1.95</subfield>
        <subfield code='a'>95</subfield>
        <subfield code='i'>1989</subfield>
      </datafield>
      <datafield ind1='9' ind2='3' tag='999'>
        <subfield code='0'>c1406276</subfield>
        <subfield code='2'>863</subfield>
        <subfield code='3'>h</subfield>
        <subfield code='8'>1.96</subfield>
        <subfield code='a'>96</subfield>
        <subfield code='i'>1990</subfield>
      </datafield>
      <datafield ind1='9' ind2='3' tag='999'>
        <subfield code='0'>c1406276</subfield>
        <subfield code='2'>863</subfield>
        <subfield code='3'>h</subfield>
        <subfield code='8'>1.97</subfield>
        <subfield code='a'>97</subfield>
        <subfield code='i'>1991</subfield>
      </datafield>
      <datafield ind1='9' ind2='3' tag='999'>
        <subfield code='0'>c1406276</subfield>
        <subfield code='2'>863</subfield>
        <subfield code='3'>h</subfield>
        <subfield code='8'>1.98</subfield>
        <subfield code='a'>98</subfield>
        <subfield code='i'>1992</subfield>
      </datafield>
      <datafield ind1='9' ind2='3' tag='999'>
        <subfield code='0'>c1406276</subfield>
        <subfield code='2'>863</subfield>
        <subfield code='3'>h</subfield>
        <subfield code='8'>1.99</subfield>
        <subfield code='a'>99</subfield>
        <subfield code='i'>1993</subfield>
      </datafield>
      <datafield ind1='9' ind2='3' tag='999'>
        <subfield code='0'>c1406276</subfield>
        <subfield code='2'>863</subfield>
        <subfield code='3'>h</subfield>
        <subfield code='8'>1.100</subfield>
        <subfield code='a'>100</subfield>
        <subfield code='i'>1994</subfield>
      </datafield>
      <datafield ind1='9' ind2='3' tag='999'>
        <subfield code='0'>c1406276</subfield>
        <subfield code='2'>866</subfield>
        <subfield code='3'>h</subfield>
        <subfield code='8'>1</subfield>
        <subfield code='a'>v. 1 (1895)-v. 100 (1994)</subfield>
      </datafield>
      <datafield ind1='9' ind2='2' tag='999'>
        <subfield code='a'>c2794361</subfield>
        <subfield code='b'>wcca</subfield>
        <subfield code='c'>1</subfield>
      </datafield>
      <datafield ind1='9' ind2='3' tag='999'>
        <subfield code='0'>c2794361</subfield>
        <subfield code='2'>852</subfield>
        <subfield code='3'>c</subfield>
        <subfield code='b'>572201</subfield>
        <subfield code='h'>Z1000</subfield>
        <subfield code='i'>.A51</subfield>
        <subfield code='z'>Currently received</subfield>
      </datafield>
      <datafield ind1='9' ind2='3' tag='999'>
        <subfield code='0'>c2794361</subfield>
        <subfield code='2'>853</subfield>
        <subfield code='3'>y</subfield>
        <subfield code='8'>1</subfield>
        <subfield code='a'>v.</subfield>
        <subfield code='i'>(year)</subfield>
        <subfield code='t'>c.</subfield>
      </datafield>
      <datafield ind1='9' ind2='3' tag='999'>
        <subfield code='0'>c2794361</subfield>
        <subfield code='2'>853</subfield>
        <subfield code='3'>y</subfield>
        <subfield code='8'>2</subfield>
        <subfield code='a'>(unit)</subfield>
        <subfield code='b'>(year)</subfield>
        <subfield code='c'>(pt.)</subfield>
        <subfield code='t'>c.</subfield>
      </datafield>
      <datafield ind1='9' ind2='3' tag='999'>
        <subfield code='0'>c2794361</subfield>
        <subfield code='2'>863</subfield>
        <subfield code='3'>h</subfield>
        <subfield code='8'>1.4</subfield>
        <subfield code='a'>101</subfield>
        <subfield code='i'>1995</subfield>
      </datafield>
      <datafield ind1='9' ind2='3' tag='999'>
        <subfield code='0'>c2794361</subfield>
        <subfield code='2'>863</subfield>
        <subfield code='3'>h</subfield>
        <subfield code='8'>1.5</subfield>
        <subfield code='a'>102</subfield>
        <subfield code='i'>1996</subfield>
      </datafield>
      <datafield ind1='9' ind2='3' tag='999'>
        <subfield code='0'>c2794361</subfield>
        <subfield code='2'>863</subfield>
        <subfield code='3'>h</subfield>
        <subfield code='8'>1.6</subfield>
        <subfield code='a'>103</subfield>
        <subfield code='i'>1997</subfield>
      </datafield>
      <datafield ind1='9' ind2='3' tag='999'>
        <subfield code='0'>c2794361</subfield>
        <subfield code='2'>863</subfield>
        <subfield code='3'>h</subfield>
        <subfield code='8'>1.7</subfield>
        <subfield code='a'>104</subfield>
        <subfield code='i'>1998</subfield>
      </datafield>
      <datafield ind1='9' ind2='3' tag='999'>
        <subfield code='0'>c2794361</subfield>
        <subfield code='2'>863</subfield>
        <subfield code='3'>h</subfield>
        <subfield code='8'>1.8</subfield>
        <subfield code='a'>105</subfield>
        <subfield code='i'>1999</subfield>
      </datafield>
      <datafield ind1='9' ind2='3' tag='999'>
        <subfield code='0'>c2794361</subfield>
        <subfield code='2'>863</subfield>
        <subfield code='3'>h</subfield>
        <subfield code='8'>1.9</subfield>
        <subfield code='a'>106</subfield>
        <subfield code='i'>2000</subfield>
      </datafield>
      <datafield ind1='9' ind2='3' tag='999'>
        <subfield code='0'>c2794361</subfield>
        <subfield code='2'>863</subfield>
        <subfield code='3'>h</subfield>
        <subfield code='8'>1.10</subfield>
        <subfield code='a'>107</subfield>
        <subfield code='i'>2001</subfield>
      </datafield>
      <datafield ind1='9' ind2='3' tag='999'>
        <subfield code='0'>c2794361</subfield>
        <subfield code='2'>863</subfield>
        <subfield code='3'>h</subfield>
        <subfield code='8'>1.11</subfield>
        <subfield code='a'>108</subfield>
        <subfield code='i'>2002</subfield>
      </datafield>
      <datafield ind1='9' ind2='3' tag='999'>
        <subfield code='0'>c2794361</subfield>
        <subfield code='2'>863</subfield>
        <subfield code='3'>h</subfield>
        <subfield code='8'>1.12</subfield>
        <subfield code='a'>109</subfield>
        <subfield code='i'>2003</subfield>
      </datafield>
      <datafield ind1='9' ind2='3' tag='999'>
        <subfield code='0'>c2794361</subfield>
        <subfield code='2'>863</subfield>
        <subfield code='3'>h</subfield>
        <subfield code='8'>2.1</subfield>
        <subfield code='a'>Index</subfield>
        <subfield code='b'>1916-1922</subfield>
      </datafield>
      <datafield ind1='9' ind2='3' tag='999'>
        <subfield code='0'>c2794361</subfield>
        <subfield code='2'>863</subfield>
        <subfield code='3'>h</subfield>
        <subfield code='8'>2.2</subfield>
        <subfield code='a'>Index</subfield>
        <subfield code='b'>1923-1932</subfield>
      </datafield>
      <datafield ind1='9' ind2='3' tag='999'>
        <subfield code='0'>c2794361</subfield>
        <subfield code='2'>863</subfield>
        <subfield code='3'>h</subfield>
        <subfield code='8'>2.3</subfield>
        <subfield code='a'>Index</subfield>
        <subfield code='b'>1933-1940</subfield>
      </datafield>
      <datafield ind1='9' ind2='3' tag='999'>
        <subfield code='0'>c2794361</subfield>
        <subfield code='2'>863</subfield>
        <subfield code='3'>h</subfield>
        <subfield code='8'>2.4</subfield>
        <subfield code='a'>Index</subfield>
        <subfield code='b'>1941-1945</subfield>
      </datafield>
      <datafield ind1='9' ind2='3' tag='999'>
        <subfield code='0'>c2794361</subfield>
        <subfield code='2'>863</subfield>
        <subfield code='3'>h</subfield>
        <subfield code='8'>2.5</subfield>
        <subfield code='a'>Index</subfield>
        <subfield code='b'>1945-1950</subfield>
      </datafield>
      <datafield ind1='9' ind2='3' tag='999'>
        <subfield code='0'>c2794361</subfield>
        <subfield code='2'>863</subfield>
        <subfield code='3'>h</subfield>
        <subfield code='8'>2.6</subfield>
        <subfield code='a'>Index</subfield>
        <subfield code='b'>1950-1955</subfield>
      </datafield>
      <datafield ind1='9' ind2='3' tag='999'>
        <subfield code='0'>c2794361</subfield>
        <subfield code='2'>863</subfield>
        <subfield code='3'>h</subfield>
        <subfield code='8'>2.7</subfield>
        <subfield code='a'>Index</subfield>
        <subfield code='b'>1955-1960</subfield>
      </datafield>
      <datafield ind1='9' ind2='3' tag='999'>
        <subfield code='0'>c2794361</subfield>
        <subfield code='2'>863</subfield>
        <subfield code='3'>h</subfield>
        <subfield code='8'>2.8</subfield>
        <subfield code='a'>Index</subfield>
        <subfield code='b'>1960-1965</subfield>
        <subfield code='z'>covers v. 67-71</subfield>
      </datafield>
      <datafield ind1='9' ind2='3' tag='999'>
        <subfield code='0'>c2794361</subfield>
        <subfield code='2'>863</subfield>
        <subfield code='3'>h</subfield>
        <subfield code='8'>2.9</subfield>
        <subfield code='a'>Index</subfield>
        <subfield code='b'>1965-1970</subfield>
        <subfield code='c'>A-L</subfield>
        <subfield code='z'>covers v. 72-76</subfield>
      </datafield>
      <datafield ind1='9' ind2='3' tag='999'>
        <subfield code='0'>c2794361</subfield>
        <subfield code='2'>863</subfield>
        <subfield code='3'>h</subfield>
        <subfield code='8'>2.10</subfield>
        <subfield code='a'>Index</subfield>
        <subfield code='b'>1965-1970</subfield>
        <subfield code='c'>M-Z</subfield>
        <subfield code='z'>covers v. 72-76</subfield>
      </datafield>
      <datafield ind1='9' ind2='3' tag='999'>
        <subfield code='0'>c2794361</subfield>
        <subfield code='2'>863</subfield>
        <subfield code='3'>h</subfield>
        <subfield code='8'>2.11</subfield>
        <subfield code='a'>Index</subfield>
        <subfield code='b'>1970-1975</subfield>
        <subfield code='c'>A-G</subfield>
        <subfield code='z'>covers v. 77-81</subfield>
      </datafield>
      <datafield ind1='9' ind2='3' tag='999'>
        <subfield code='0'>c2794361</subfield>
        <subfield code='2'>863</subfield>
        <subfield code='3'>h</subfield>
        <subfield code='8'>2.12</subfield>
        <subfield code='a'>Index</subfield>
        <subfield code='b'>1970-1975</subfield>
        <subfield code='c'>H-Z</subfield>
        <subfield code='z'>covers v. 77-81</subfield>
      </datafield>
      <datafield ind1='9' ind2='3' tag='999'>
        <subfield code='0'>c2794361</subfield>
        <subfield code='2'>863</subfield>
        <subfield code='3'>h</subfield>
        <subfield code='8'>2.13</subfield>
        <subfield code='a'>Index</subfield>
        <subfield code='b'>1975-1979</subfield>
        <subfield code='c'>A-G</subfield>
        <subfield code='z'>covers v. 82-85</subfield>
      </datafield>
      <datafield ind1='9' ind2='3' tag='999'>
        <subfield code='0'>c2794361</subfield>
        <subfield code='2'>863</subfield>
        <subfield code='3'>h</subfield>
        <subfield code='8'>2.14</subfield>
        <subfield code='a'>Index</subfield>
        <subfield code='b'>1975-1979</subfield>
        <subfield code='c'>H-Z</subfield>
        <subfield code='z'>covers v. 82-85</subfield>
      </datafield>
      <datafield ind1='9' ind2='3' tag='999'>
        <subfield code='0'>c2794361</subfield>
        <subfield code='2'>863</subfield>
        <subfield code='3'>h</subfield>
        <subfield code='8'>2.15</subfield>
        <subfield code='a'>Index</subfield>
        <subfield code='b'>1979-1983</subfield>
        <subfield code='c'>A-F</subfield>
        <subfield code='z'>covers v. 86-89</subfield>
      </datafield>
      <datafield ind1='9' ind2='3' tag='999'>
        <subfield code='0'>c2794361</subfield>
        <subfield code='2'>863</subfield>
        <subfield code='3'>h</subfield>
        <subfield code='8'>2.16</subfield>
        <subfield code='a'>Index</subfield>
        <subfield code='b'>1979-1983</subfield>
        <subfield code='c'>G-Z</subfield>
        <subfield code='z'>covers v. 86-89</subfield>
      </datafield>
      <datafield ind1='9' ind2='3' tag='999'>
        <subfield code='0'>c2794361</subfield>
        <subfield code='2'>863</subfield>
        <subfield code='3'>h</subfield>
        <subfield code='8'>2.17</subfield>
        <subfield code='a'>Index</subfield>
        <subfield code='b'>1983-1987</subfield>
        <subfield code='c'>A-D</subfield>
        <subfield code='z'>covers v. 90-93</subfield>
      </datafield>
      <datafield ind1='9' ind2='3' tag='999'>
        <subfield code='0'>c2794361</subfield>
        <subfield code='2'>863</subfield>
        <subfield code='3'>h</subfield>
        <subfield code='8'>2.18</subfield>
        <subfield code='a'>Index</subfield>
        <subfield code='b'>1983-1987</subfield>
        <subfield code='c'>E-Z</subfield>
        <subfield code='z'>covers v. 90-93</subfield>
      </datafield>
      <datafield ind1='9' ind2='3' tag='999'>
        <subfield code='0'>c2794361</subfield>
        <subfield code='2'>863</subfield>
        <subfield code='3'>h</subfield>
        <subfield code='8'>2.19</subfield>
        <subfield code='a'>Index</subfield>
        <subfield code='b'>1987-1991</subfield>
        <subfield code='c'>A-B</subfield>
        <subfield code='z'>covers v. 94-97</subfield>
      </datafield>
      <datafield ind1='9' ind2='3' tag='999'>
        <subfield code='0'>c2794361</subfield>
        <subfield code='2'>863</subfield>
        <subfield code='3'>h</subfield>
        <subfield code='8'>2.20</subfield>
        <subfield code='a'>Index</subfield>
        <subfield code='b'>1987-1991</subfield>
        <subfield code='c'>C-Z</subfield>
        <subfield code='z'>covers v. 94-97</subfield>
      </datafield>
      <datafield ind1='9' ind2='3' tag='999'>
        <subfield code='0'>c2794361</subfield>
        <subfield code='2'>866</subfield>
        <subfield code='3'>h</subfield>
        <subfield code='8'>1</subfield>
        <subfield code='a'>v. 101 (1995)-  </subfield>
      </datafield>
      <datafield ind1='9' ind2='3' tag='999'>
        <subfield code='0'>c2794361</subfield>
        <subfield code='2'>866</subfield>
        <subfield code='3'>h</subfield>
        <subfield code='8'>2</subfield>
        <subfield code='a'>Index v. 22-97 (1916/1922-1987/1991)</subfield>
      </datafield>
      <datafield ind1='0' ind2='0' tag='999'>
        <subfield code='a'>2004-10-01 00:00:00-04</subfield>
        <subfield code='c'>2004-09-27 18:45:00-04</subfield>
        <subfield code='u'>2017-08-23 16:53:49-04</subfield>
      </datafield>
  </record>