
  <record>
    <leader>00000cas  2200589 a 4500</leader>
      <controlfield tag='008'>950215d19962007cauqr p       0   a0eng d</controlfield>
      <controlfield tag='001'>31995961</controlfield>
      <controlfield tag='003'>OCoLC</controlfield>
      <controlfield tag='005'>20080509074556.0</controlfield>
      <datafield ind1=' ' ind2=' ' tag='010'>
        <subfield code='a'>96656165</subfield>
        <subfield code='z'>sn 95001453</subfield>
      </datafield>
      <datafield ind1='0' ind2=' ' tag='022'>
        <subfield code='a'>1081-180X</subfield>
        <subfield code='2'>1</subfield>
      </datafield>
      <datafield ind1=' ' ind2=' ' tag='035'>
        <subfield code='a'>(OCoLC)31995961</subfield>
      </datafield>
      <datafield ind1=' ' ind2=' ' tag='037'>
        <subfield code='b'>Sage Publications, 2455 Teller Road, Thousand Oaks, CA 91320</subfield>
      </datafield>
      <datafield ind1=' ' ind2=' ' tag='040'>
        <subfield code='a'>NSD</subfield>
        <subfield code='c'>NSD</subfield>
        <subfield code='d'>HUL</subfield>
        <subfield code='d'>DLC</subfield>
        <subfield code='d'>GUA</subfield>
        <subfield code='d'>DLC</subfield>
        <subfield code='d'>NSD</subfield>
        <subfield code='d'>IUL</subfield>
        <subfield code='d'>EYM</subfield>
        <subfield code='d'>CUS</subfield>
        <subfield code='d'>OCL</subfield>
        <subfield code='d'>SYS</subfield>
        <subfield code='d'>HUL</subfield>
        <subfield code='d'>IUL</subfield>
        <subfield code='d'>OCLCQ</subfield>
        <subfield code='d'>CUS</subfield>
        <subfield code='d'>GUA</subfield>
        <subfield code='d'>OCL</subfield>
        <subfield code='d'>NLGGC</subfield>
        <subfield code='d'>LVB</subfield>
        <subfield code='d'>UQ1</subfield>
        <subfield code='d'>DOS</subfield>
        <subfield code='d'>CLU</subfield>
        <subfield code='d'>NYP</subfield>
        <subfield code='d'>NSD</subfield>
      </datafield>
      <datafield ind1=' ' ind2=' ' tag='042'>
        <subfield code='a'>nsdp</subfield>
        <subfield code='a'>lc</subfield>
      </datafield>
      <datafield ind1=' ' ind2=' ' tag='049'>
        <subfield code='a'>NOCC</subfield>
      </datafield>
      <datafield ind1='0' ind2='0' tag='050'>
        <subfield code='a'>PN4751</subfield>
        <subfield code='b'>.H37</subfield>
      </datafield>
      <datafield ind1='0' ind2='0' tag='082'>
        <subfield code='a'>070.4/49324</subfield>
        <subfield code='2'>21</subfield>
      </datafield>
      <datafield ind1='0' ind2=' ' tag='210'>
        <subfield code='a'>Harvard int. j. press/polit.</subfield>
      </datafield>
      <datafield ind1=' ' ind2='0' tag='222'>
        <subfield code='a'>Harvard international journal of press/politics</subfield>
      </datafield>
      <datafield ind1='0' ind2='0' tag='245'>
        <subfield code='a'>Harvard international journal of press/politics</subfield>
        <subfield code='h'>[serial].</subfield>
      </datafield>
      <datafield ind1='3' ind2=' ' tag='246'>
        <subfield code='a'>Press politics</subfield>
      </datafield>
      <datafield ind1='3' ind2='0' tag='246'>
        <subfield code='a'>Press/politics</subfield>
      </datafield>
      <datafield ind1=' ' ind2=' ' tag='260'>
        <subfield code='a'>Cambridge, MA :</subfield>
        <subfield code='b'>MIT Press,</subfield>
        <subfield code='c'>1995-2007.</subfield>
      </datafield>
      <datafield ind1=' ' ind2=' ' tag='300'>
        <subfield code='a'>v. :</subfield>
        <subfield code='b'>ill. ;</subfield>
        <subfield code='c'>23 cm.</subfield>
      </datafield>
      <datafield ind1=' ' ind2=' ' tag='310'>
        <subfield code='a'>Quarterly</subfield>
      </datafield>
      <datafield ind1='0' ind2=' ' tag='362'>
        <subfield code='a'>Vol. 1, no. 1 (winter 1996)-v. 12, no. 4 (fall 2007).</subfield>
      </datafield>
      <datafield ind1=' ' ind2=' ' tag='500'>
        <subfield code='a'>Title from cover.</subfield>
      </datafield>
      <datafield ind1=' ' ind2=' ' tag='500'>
        <subfield code='a'>Latest issue consulted: Vol. 2, no. 4 (fall 1997).</subfield>
      </datafield>
      <datafield ind1=' ' ind2=' ' tag='500'>
        <subfield code='a'>Final issue consulted.</subfield>
      </datafield>
      <datafield ind1=' ' ind2=' ' tag='550'>
        <subfield code='a'>Issued by: Joan Shorenstein Center on the Press, Politics and Public Policy at the Kennedy School of Government, Harvard University.</subfield>
      </datafield>
      <datafield ind1=' ' ind2=' ' tag='550'>
        <subfield code='a'>Published by: MIT Press, 1996-2000; Sage Publications, 2001-</subfield>
      </datafield>
      <datafield ind1=' ' ind2='0' tag='650'>
        <subfield code='a'>Press and politics</subfield>
        <subfield code='v'>Periodicals.</subfield>
      </datafield>
      <datafield ind1=' ' ind2='0' tag='650'>
        <subfield code='a'>Government and the press</subfield>
        <subfield code='v'>Periodicals.</subfield>
      </datafield>
      <datafield ind1=' ' ind2='0' tag='650'>
        <subfield code='a'>Journalism</subfield>
        <subfield code='x'>Political aspects</subfield>
        <subfield code='v'>Periodicals.</subfield>
      </datafield>
      <datafield ind1='2' ind2=' ' tag='710'>
        <subfield code='a'>Joan Shorenstein Center on the Press, Politics, and Public Policy.</subfield>
      </datafield>
      <datafield ind1='1' ind2=' ' tag='776'>
        <subfield code='i'>Also issued online:</subfield>
        <subfield code='t'>Harvard international journal of press/politics (Online)</subfield>
        <subfield code='x'>1531-328X</subfield>
        <subfield code='w'>(DLC)sn 99023448</subfield>
        <subfield code='w'>(OCoLC)42899908</subfield>
      </datafield>
      <datafield ind1='0' ind2='0' tag='785'>
        <subfield code='t'>International journal of press/politics</subfield>
        <subfield code='x'>1940-1612</subfield>
        <subfield code='w'>(DLC) 2007213329</subfield>
        <subfield code='w'>(OCoLC)173275455</subfield>
      </datafield>
      <datafield ind1=' ' ind2=' ' tag='907'>
        <subfield code='a'>b4268382</subfield>
      </datafield>
      <datafield ind1='9' ind2='1' tag='999'>
        <subfield code='i'>i5839275</subfield>
        <subfield code='l'>dhca</subfield>
        <subfield code='s'>o</subfield>
        <subfield code='t'>3</subfield>
        <subfield code='c'>1</subfield>
        <subfield code='o'>0</subfield>
        <subfield code='b'>00023177125</subfield>
        <subfield code='p'>090##</subfield>
        <subfield code='q'>|aPN4751|b.H37</subfield>
        <subfield code='v'>v.1:no.1(1996)</subfield>
      </datafield>
      <datafield ind1='9' ind2='1' tag='999'>
        <subfield code='i'>i5839276</subfield>
        <subfield code='l'>dhca</subfield>
        <subfield code='s'>o</subfield>
        <subfield code='t'>3</subfield>
        <subfield code='c'>1</subfield>
        <subfield code='o'>0</subfield>
        <subfield code='b'>00043368854</subfield>
        <subfield code='p'>090##</subfield>
        <subfield code='q'>|aPN4751|b.H37</subfield>
        <subfield code='v'>v.8(2003)</subfield>
      </datafield>
      <datafield ind1='9' ind2='1' tag='999'>
        <subfield code='i'>i9485706</subfield>
        <subfield code='l'>dhca</subfield>
        <subfield code='s'>o</subfield>
        <subfield code='t'>3</subfield>
        <subfield code='c'>1</subfield>
        <subfield code='o'>0</subfield>
        <subfield code='b'>00043368863</subfield>
        <subfield code='p'>090##</subfield>
        <subfield code='q'>|aPN4751|b.H37</subfield>
        <subfield code='v'>v.9(2004)</subfield>
      </datafield>
      <datafield ind1='9' ind2='1' tag='999'>
        <subfield code='i'>i9485707</subfield>
        <subfield code='l'>dhca</subfield>
        <subfield code='s'>o</subfield>
        <subfield code='t'>3</subfield>
        <subfield code='c'>1</subfield>
        <subfield code='o'>0</subfield>
        <subfield code='b'>00043368872</subfield>
        <subfield code='p'>090##</subfield>
        <subfield code='q'>|aPN4751|b.H37</subfield>
        <subfield code='v'>v.10(2005)</subfield>
      </datafield>
      <datafield ind1='9' ind2='1' tag='999'>
        <subfield code='i'>i6555928</subfield>
        <subfield code='l'>dhca</subfield>
        <subfield code='s'>o</subfield>
        <subfield code='t'>3</subfield>
        <subfield code='c'>1</subfield>
        <subfield code='o'>0</subfield>
        <subfield code='b'>00027170846</subfield>
        <subfield code='p'>090##</subfield>
        <subfield code='q'>|aPN4751|b.H37</subfield>
        <subfield code='v'>v.11(2006)</subfield>
      </datafield>
      <datafield ind1='9' ind2='1' tag='999'>
        <subfield code='i'>i7360533</subfield>
        <subfield code='l'>dhca</subfield>
        <subfield code='s'>o</subfield>
        <subfield code='t'>3</subfield>
        <subfield code='c'>1</subfield>
        <subfield code='o'>0</subfield>
        <subfield code='b'>00030705041</subfield>
        <subfield code='p'>090##</subfield>
        <subfield code='q'>|aPN4751|b.H37</subfield>
        <subfield code='v'>v.12(2007)</subfield>
      </datafield>
      <datafield ind1='9' ind2='1' tag='999'>
        <subfield code='i'>i10156266</subfield>
        <subfield code='l'>ydha</subfield>
        <subfield code='s'>o</subfield>
        <subfield code='t'>3</subfield>
        <subfield code='c'>1</subfield>
        <subfield code='o'>0</subfield>
        <subfield code='b'>PL00015730</subfield>
        <subfield code='v'>v.2:no.1-4 (1997)</subfield>
      </datafield>
      <datafield ind1='9' ind2='1' tag='999'>
        <subfield code='i'>i10156268</subfield>
        <subfield code='l'>ydha</subfield>
        <subfield code='s'>o</subfield>
        <subfield code='t'>3</subfield>
        <subfield code='c'>1</subfield>
        <subfield code='o'>0</subfield>
        <subfield code='b'>PL00015731</subfield>
        <subfield code='v'>v.3:no.2-3 (1998)</subfield>
        <subfield code='n'>Loose issue: v.3:no.1 (1998)</subfield>
      </datafield>
      <datafield ind1='9' ind2='1' tag='999'>
        <subfield code='i'>i10156269</subfield>
        <subfield code='l'>ydha</subfield>
        <subfield code='s'>o</subfield>
        <subfield code='t'>3</subfield>
        <subfield code='c'>1</subfield>
        <subfield code='o'>0</subfield>
        <subfield code='b'>PL00015732</subfield>
        <subfield code='v'>v.4:no.2-4 (1999)</subfield>
        <subfield code='n'>Loose issue: v.4:no.1 (1999)</subfield>
      </datafield>
      <datafield ind1='9' ind2='1' tag='999'>
        <subfield code='i'>i10156270</subfield>
        <subfield code='l'>ydha</subfield>
        <subfield code='s'>o</subfield>
        <subfield code='t'>3</subfield>
        <subfield code='c'>1</subfield>
        <subfield code='o'>0</subfield>
        <subfield code='b'>PL00015733</subfield>
        <subfield code='v'>v.5:no.1-4 (2000)</subfield>
      </datafield>
      <datafield ind1='9' ind2='1' tag='999'>
        <subfield code='i'>i10156271</subfield>
        <subfield code='l'>ydha</subfield>
        <subfield code='s'>o</subfield>
        <subfield code='t'>3</subfield>
        <subfield code='c'>1</subfield>
        <subfield code='o'>0</subfield>
        <subfield code='b'>PL00015734</subfield>
        <subfield code='v'>v.6:no.4 (2001)</subfield>
        <subfield code='n'>Unbound</subfield>
      </datafield>
      <datafield ind1='9' ind2='1' tag='999'>
        <subfield code='i'>i10156274</subfield>
        <subfield code='l'>ydha</subfield>
        <subfield code='s'>o</subfield>
        <subfield code='t'>3</subfield>
        <subfield code='c'>1</subfield>
        <subfield code='o'>0</subfield>
        <subfield code='b'>PL00015735</subfield>
        <subfield code='v'>v.7:no.1-4 (2002)</subfield>
      </datafield>
      <datafield ind1='9' ind2='1' tag='999'>
        <subfield code='i'>i10156275</subfield>
        <subfield code='l'>ydha</subfield>
        <subfield code='s'>o</subfield>
        <subfield code='t'>3</subfield>
        <subfield code='c'>1</subfield>
        <subfield code='o'>0</subfield>
        <subfield code='b'>PL00015736</subfield>
        <subfield code='v'>v.8:no.1-4 (2003)</subfield>
      </datafield>
      <datafield ind1='9' ind2='1' tag='999'>
        <subfield code='i'>i10156276</subfield>
        <subfield code='l'>ydha</subfield>
        <subfield code='s'>o</subfield>
        <subfield code='t'>3</subfield>
        <subfield code='c'>1</subfield>
        <subfield code='o'>0</subfield>
        <subfield code='b'>PL00015737</subfield>
        <subfield code='v'>v.9:no.1-4 (2004)</subfield>
      </datafield>
      <datafield ind1='9' ind2='1' tag='999'>
        <subfield code='i'>i10156279</subfield>
        <subfield code='l'>ydha</subfield>
        <subfield code='s'>o</subfield>
        <subfield code='t'>3</subfield>
        <subfield code='c'>1</subfield>
        <subfield code='o'>0</subfield>
        <subfield code='b'>PL00015738</subfield>
        <subfield code='v'>v.10:no.1-4 (2005)</subfield>
      </datafield>
      <datafield ind1='9' ind2='1' tag='999'>
        <subfield code='i'>i10156280</subfield>
        <subfield code='l'>ydha</subfield>
        <subfield code='s'>o</subfield>
        <subfield code='t'>3</subfield>
        <subfield code='c'>1</subfield>
        <subfield code='o'>0</subfield>
        <subfield code='b'>PL00015739</subfield>
        <subfield code='v'>v.11:no.1-4 (2006)</subfield>
      </datafield>
      <datafield ind1='9' ind2='1' tag='999'>
        <subfield code='i'>i10156281</subfield>
        <subfield code='l'>ydha</subfield>
        <subfield code='s'>o</subfield>
        <subfield code='t'>3</subfield>
        <subfield code='c'>1</subfield>
        <subfield code='o'>0</subfield>
        <subfield code='b'>PL00015740</subfield>
        <subfield code='v'>v.12:no.1-4 (2007)</subfield>
      </datafield>
      <datafield ind1='9' ind2='2' tag='999'>
        <subfield code='a'>c2805284</subfield>
        <subfield code='b'>dhca</subfield>
        <subfield code='c'>1</subfield>
      </datafield>
      <datafield ind1='9' ind2='3' tag='999'>
        <subfield code='0'>c2805284</subfield>
        <subfield code='2'>852</subfield>
        <subfield code='3'>c</subfield>
        <subfield code='b'>555521</subfield>
        <subfield code='h'>PN4751</subfield>
        <subfield code='i'>.H37</subfield>
        <subfield code='x'>Later titles exist.</subfield>
      </datafield>
      <datafield ind1='9' ind2='3' tag='999'>
        <subfield code='0'>c2805284</subfield>
        <subfield code='2'>853</subfield>
        <subfield code='3'>y</subfield>
        <subfield code='8'>1</subfield>
        <subfield code='a'>v.</subfield>
        <subfield code='b'>no.</subfield>
        <subfield code='i'>(year)</subfield>
      </datafield>
      <datafield ind1='9' ind2='3' tag='999'>
        <subfield code='0'>c2805284</subfield>
        <subfield code='2'>863</subfield>
        <subfield code='3'>h</subfield>
        <subfield code='8'>1.1</subfield>
        <subfield code='a'>1</subfield>
        <subfield code='b'>1</subfield>
        <subfield code='i'>1996</subfield>
        <subfield code='w'>g</subfield>
      </datafield>
      <datafield ind1='9' ind2='3' tag='999'>
        <subfield code='0'>c2805284</subfield>
        <subfield code='2'>863</subfield>
        <subfield code='3'>h</subfield>
        <subfield code='8'>1.2</subfield>
        <subfield code='a'>8-12</subfield>
        <subfield code='i'>2003-2007</subfield>
      </datafield>
      <datafield ind1='9' ind2='2' tag='999'>
        <subfield code='a'>c4979639</subfield>
        <subfield code='b'>ydha</subfield>
        <subfield code='c'>0</subfield>
      </datafield>
      <datafield ind1='9' ind2='3' tag='999'>
        <subfield code='0'>c4979639</subfield>
        <subfield code='2'>852</subfield>
        <subfield code='3'>c</subfield>
        <subfield code='i'>Shelved in serials stacks by title: HARVARD INTERNATIONAL JOURNAL OF PRESS/POLITICS       </subfield>
      </datafield>
      <datafield ind1='9' ind2='3' tag='999'>
        <subfield code='0'>c4979639</subfield>
        <subfield code='2'>866</subfield>
        <subfield code='3'>h</subfield>
        <subfield code='8'>0</subfield>
        <subfield code='a'>v.2-12(1997-2007)</subfield>
      </datafield>
      <datafield ind1='0' ind2='0' tag='999'>
        <subfield code='a'>2008-05-09 00:00:00-04</subfield>
        <subfield code='c'>2004-10-07 11:55:00-04</subfield>
        <subfield code='u'>2017-08-23 16:54:40-04</subfield>
      </datafield>
  </record>