
  <record>
    <leader>00000nam  2200000 a 4500</leader>
      <datafield ind1=' ' ind2=' ' tag='100'>
        <subfield code='a'>Dallapiccola, Luigi</subfield>
      </datafield>
      <datafield ind1=' ' ind2='0' tag='245'>
        <subfield code='a'>Complete songs</subfield>
      </datafield>
      <datafield ind1=' ' ind2=' ' tag='260'>
        <subfield code='a'>Brilliant Classics BRI 95202</subfield>
      </datafield>
      <datafield ind1=' ' ind2=' ' tag='300'>
        <subfield code='a'>compact disc</subfield>
      </datafield>
      <datafield ind1=' ' ind2=' ' tag='907'>
        <subfield code='a'>b8529581</subfield>
      </datafield>
      <datafield ind1='9' ind2='4' tag='999'>
        <subfield code='a'>o1778971</subfield>
        <subfield code='b'>-</subfield>
        <subfield code='c'>1</subfield>
        <subfield code='d'></subfield>
        <subfield code='e'></subfield>
        <subfield code='f'>mm</subfield>
        <subfield code='g'>1</subfield>
      </datafield>
      <datafield ind1='0' ind2='0' tag='999'>
        <subfield code='a'></subfield>
        <subfield code='c'>2016-06-29 09:51:24-04</subfield>
        <subfield code='u'>2016-06-29 09:52:13-04</subfield>
      </datafield>
  </record>