
  <record>
    <leader>00000cas a2201321I  4500</leader>
      <controlfield tag='008'>870324c19619999dk mrzp       0   a0eng u</controlfield>
      <controlfield tag='001'>825431</controlfield>
      <controlfield tag='005'>19870324000000.0</controlfield>
      <datafield ind1=' ' ind2=' ' tag='010'>
        <subfield code='a'>sn 78003579</subfield>
      </datafield>
      <datafield ind1=' ' ind2=' ' tag='019'>
        <subfield code='a'>1460998</subfield>
      </datafield>
      <datafield ind1='0' ind2=' ' tag='022'>
        <subfield code='a'>0001-690X</subfield>
      </datafield>
      <datafield ind1=' ' ind2=' ' tag='030'>
        <subfield code='a'>APYSA9</subfield>
      </datafield>
      <datafield ind1=' ' ind2=' ' tag='040'>
        <subfield code='c'>OUN</subfield>
        <subfield code='d'>SUL</subfield>
        <subfield code='d'>NSD</subfield>
        <subfield code='d'>IUL</subfield>
        <subfield code='d'>HUL</subfield>
        <subfield code='d'>NSD</subfield>
        <subfield code='d'>MUL</subfield>
        <subfield code='d'>OCL</subfield>
        <subfield code='d'>SER</subfield>
        <subfield code='d'>AIP</subfield>
        <subfield code='d'>DLC</subfield>
        <subfield code='d'>AIP</subfield>
        <subfield code='d'>NOH</subfield>
      </datafield>
      <datafield ind1='0' ind2=' ' tag='041'>
        <subfield code='a'>engfreger</subfield>
      </datafield>
      <datafield ind1=' ' ind2=' ' tag='042'>
        <subfield code='a'>nsdp</subfield>
      </datafield>
      <datafield ind1='0' ind2='0' tag='245'>
        <subfield code='a'>Acta psychiatrica Scandinavica</subfield>
        <subfield code='h'>[serial].</subfield>
      </datafield>
      <datafield ind1=' ' ind2=' ' tag='260'>
        <subfield code='a'>Copenhagen,</subfield>
        <subfield code='b'>Munksgaard.</subfield>
      </datafield>
      <datafield ind1=' ' ind2=' ' tag='300'>
        <subfield code='a'>v.</subfield>
        <subfield code='b'>ill.</subfield>
        <subfield code='c'>24 cm.</subfield>
      </datafield>
      <datafield ind1=' ' ind2=' ' tag='310'>
        <subfield code='a'>Monthly</subfield>
        <subfield code='b'>&lt;, Jan. 1982-&gt;</subfield>
      </datafield>
      <datafield ind1=' ' ind2=' ' tag='321'>
        <subfield code='a'>6 no. a year</subfield>
      </datafield>
      <datafield ind1=' ' ind2=' ' tag='321'>
        <subfield code='a'>Monthly (except June and Dec.)</subfield>
      </datafield>
      <datafield ind1=' ' ind2=' ' tag='321'>
        <subfield code='a'>Quarterly,</subfield>
        <subfield code='b'>-1971</subfield>
      </datafield>
      <datafield ind1='0' ind2=' ' tag='362'>
        <subfield code='a'>v. 37- 1961-</subfield>
      </datafield>
      <datafield ind1=' ' ind2=' ' tag='500'>
        <subfield code='a'>Occasional supplements.</subfield>
      </datafield>
      <datafield ind1=' ' ind2=' ' tag='546'>
        <subfield code='a'>Contributions in English, French or German.</subfield>
      </datafield>
      <datafield ind1=' ' ind2='2' tag='650'>
        <subfield code='a'>Psychiatry.</subfield>
      </datafield>
      <datafield ind1=' ' ind2='2' tag='650'>
        <subfield code='a'>Mental Disorders.</subfield>
      </datafield>
      <datafield ind1=' ' ind2='2' tag='655'>
        <subfield code='a'>Periodicals.</subfield>
      </datafield>
      <datafield ind1='0' ind2=' ' tag='770'>
        <subfield code='t'>Acta psyichiatrica Scandanavica. Supplementum</subfield>
        <subfield code='w'>(OCoLC)1715350</subfield>
      </datafield>
      <datafield ind1='0' ind2='1' tag='780'>
        <subfield code='t'>Acta psychiatrica et neurologica Scandanavica</subfield>
        <subfield code='w'>(OCoLC)824873</subfield>
      </datafield>
      <datafield ind1=' ' ind2=' ' tag='919'>
        <subfield code='a'>590 Touched / wkg</subfield>
      </datafield>
      <datafield ind1=' ' ind2=' ' tag='907'>
        <subfield code='a'>b1190749</subfield>
      </datafield>
      <datafield ind1='9' ind2='1' tag='999'>
        <subfield code='i'>i1334886</subfield>
        <subfield code='l'>nohs</subfield>
        <subfield code='s'>-</subfield>
        <subfield code='t'>2</subfield>
        <subfield code='c'>1</subfield>
        <subfield code='o'>0</subfield>
        <subfield code='b'>H003032008</subfield>
        <subfield code='v'>v.37(1961)</subfield>
      </datafield>
      <datafield ind1='9' ind2='1' tag='999'>
        <subfield code='i'>i1334887</subfield>
        <subfield code='l'>nohs</subfield>
        <subfield code='s'>-</subfield>
        <subfield code='t'>2</subfield>
        <subfield code='c'>1</subfield>
        <subfield code='o'>0</subfield>
        <subfield code='b'>H00303194K</subfield>
        <subfield code='v'>v.38(1962)</subfield>
      </datafield>
      <datafield ind1='9' ind2='1' tag='999'>
        <subfield code='i'>i1334888</subfield>
        <subfield code='l'>nohs</subfield>
        <subfield code='s'>-</subfield>
        <subfield code='t'>2</subfield>
        <subfield code='c'>1</subfield>
        <subfield code='o'>0</subfield>
        <subfield code='b'>H00303182H</subfield>
        <subfield code='v'>v.39(1963)</subfield>
      </datafield>
      <datafield ind1='9' ind2='1' tag='999'>
        <subfield code='i'>i1334889</subfield>
        <subfield code='l'>nohs</subfield>
        <subfield code='s'>-</subfield>
        <subfield code='t'>2</subfield>
        <subfield code='c'>1</subfield>
        <subfield code='o'>0</subfield>
        <subfield code='b'>H00303188N</subfield>
        <subfield code='v'>v.40(1964)</subfield>
      </datafield>
      <datafield ind1='9' ind2='1' tag='999'>
        <subfield code='i'>i1334890</subfield>
        <subfield code='l'>nohs</subfield>
        <subfield code='s'>-</subfield>
        <subfield code='t'>2</subfield>
        <subfield code='c'>1</subfield>
        <subfield code='o'>0</subfield>
        <subfield code='b'>H00303224E</subfield>
        <subfield code='v'>v.41(1965)</subfield>
      </datafield>
      <datafield ind1='9' ind2='1' tag='999'>
        <subfield code='i'>i1334891</subfield>
        <subfield code='l'>nohs</subfield>
        <subfield code='s'>-</subfield>
        <subfield code='t'>2</subfield>
        <subfield code='c'>1</subfield>
        <subfield code='o'>0</subfield>
        <subfield code='b'>H00303218H</subfield>
        <subfield code='v'>v.42(1966)</subfield>
      </datafield>
      <datafield ind1='9' ind2='1' tag='999'>
        <subfield code='i'>i1334892</subfield>
        <subfield code='l'>nohs</subfield>
        <subfield code='s'>-</subfield>
        <subfield code='t'>2</subfield>
        <subfield code='c'>1</subfield>
        <subfield code='o'>0</subfield>
        <subfield code='b'>H00303212B</subfield>
        <subfield code='v'>v.43(1967)</subfield>
      </datafield>
      <datafield ind1='9' ind2='1' tag='999'>
        <subfield code='i'>i1334893</subfield>
        <subfield code='l'>nohs</subfield>
        <subfield code='s'>-</subfield>
        <subfield code='t'>2</subfield>
        <subfield code='c'>1</subfield>
        <subfield code='o'>0</subfield>
        <subfield code='b'>H00303181G</subfield>
        <subfield code='v'>v.44(1968)</subfield>
      </datafield>
      <datafield ind1='9' ind2='1' tag='999'>
        <subfield code='i'>i1334894</subfield>
        <subfield code='l'>nohs</subfield>
        <subfield code='s'>-</subfield>
        <subfield code='t'>2</subfield>
        <subfield code='c'>1</subfield>
        <subfield code='o'>0</subfield>
        <subfield code='b'>H00303175J</subfield>
        <subfield code='v'>v.45(1969)</subfield>
      </datafield>
      <datafield ind1='9' ind2='1' tag='999'>
        <subfield code='i'>i1334895</subfield>
        <subfield code='l'>nohs</subfield>
        <subfield code='s'>-</subfield>
        <subfield code='t'>2</subfield>
        <subfield code='c'>1</subfield>
        <subfield code='o'>0</subfield>
        <subfield code='b'>H00303169M</subfield>
        <subfield code='v'>v.46(1970)</subfield>
      </datafield>
      <datafield ind1='9' ind2='1' tag='999'>
        <subfield code='i'>i1334896</subfield>
        <subfield code='l'>nohs</subfield>
        <subfield code='s'>-</subfield>
        <subfield code='t'>2</subfield>
        <subfield code='c'>1</subfield>
        <subfield code='o'>0</subfield>
        <subfield code='b'>H00303163G</subfield>
        <subfield code='v'>v.47(1971)</subfield>
      </datafield>
      <datafield ind1='9' ind2='1' tag='999'>
        <subfield code='i'>i1334897</subfield>
        <subfield code='l'>nohs</subfield>
        <subfield code='s'>-</subfield>
        <subfield code='t'>2</subfield>
        <subfield code='c'>1</subfield>
        <subfield code='o'>0</subfield>
        <subfield code='b'>H00303157J</subfield>
        <subfield code='v'>v.48(1972)</subfield>
      </datafield>
      <datafield ind1='9' ind2='1' tag='999'>
        <subfield code='i'>i1334898</subfield>
        <subfield code='l'>nohs</subfield>
        <subfield code='s'>-</subfield>
        <subfield code='t'>2</subfield>
        <subfield code='c'>1</subfield>
        <subfield code='o'>0</subfield>
        <subfield code='b'>H00303198O</subfield>
        <subfield code='v'>v.49(1973)</subfield>
      </datafield>
      <datafield ind1='9' ind2='1' tag='999'>
        <subfield code='i'>i1334899</subfield>
        <subfield code='l'>nohs</subfield>
        <subfield code='s'>-</subfield>
        <subfield code='t'>2</subfield>
        <subfield code='c'>1</subfield>
        <subfield code='o'>0</subfield>
        <subfield code='b'>H00303192I</subfield>
        <subfield code='v'>v.50(1974)</subfield>
      </datafield>
      <datafield ind1='9' ind2='1' tag='999'>
        <subfield code='i'>i1334900</subfield>
        <subfield code='l'>nohs</subfield>
        <subfield code='s'>-</subfield>
        <subfield code='t'>2</subfield>
        <subfield code='c'>1</subfield>
        <subfield code='o'>0</subfield>
        <subfield code='b'>H00303186L</subfield>
        <subfield code='v'>v.51(1975)</subfield>
      </datafield>
      <datafield ind1='9' ind2='1' tag='999'>
        <subfield code='i'>i1334901</subfield>
        <subfield code='l'>nohs</subfield>
        <subfield code='s'>-</subfield>
        <subfield code='t'>2</subfield>
        <subfield code='c'>1</subfield>
        <subfield code='o'>0</subfield>
        <subfield code='b'>H00303222C</subfield>
        <subfield code='v'>v.52(1975)</subfield>
      </datafield>
      <datafield ind1='9' ind2='1' tag='999'>
        <subfield code='i'>i1334902</subfield>
        <subfield code='l'>nohs</subfield>
        <subfield code='s'>-</subfield>
        <subfield code='t'>2</subfield>
        <subfield code='c'>1</subfield>
        <subfield code='o'>0</subfield>
        <subfield code='b'>H00303216F</subfield>
        <subfield code='v'>v.53(1976)</subfield>
      </datafield>
      <datafield ind1='9' ind2='1' tag='999'>
        <subfield code='i'>i1334903</subfield>
        <subfield code='l'>nohs</subfield>
        <subfield code='s'>-</subfield>
        <subfield code='t'>2</subfield>
        <subfield code='c'>1</subfield>
        <subfield code='o'>0</subfield>
        <subfield code='b'>H003032109</subfield>
        <subfield code='v'>v.54(1976)</subfield>
      </datafield>
      <datafield ind1='9' ind2='1' tag='999'>
        <subfield code='i'>i1334904</subfield>
        <subfield code='l'>nohs</subfield>
        <subfield code='s'>-</subfield>
        <subfield code='t'>2</subfield>
        <subfield code='c'>1</subfield>
        <subfield code='o'>0</subfield>
        <subfield code='b'>H00303179N</subfield>
        <subfield code='v'>v.55(1977)</subfield>
      </datafield>
      <datafield ind1='9' ind2='1' tag='999'>
        <subfield code='i'>i1334905</subfield>
        <subfield code='l'>nohs</subfield>
        <subfield code='s'>-</subfield>
        <subfield code='t'>2</subfield>
        <subfield code='c'>1</subfield>
        <subfield code='o'>0</subfield>
        <subfield code='b'>H00303173H</subfield>
        <subfield code='v'>v.56(1977)</subfield>
      </datafield>
      <datafield ind1='9' ind2='1' tag='999'>
        <subfield code='i'>i1334906</subfield>
        <subfield code='l'>nohs</subfield>
        <subfield code='s'>-</subfield>
        <subfield code='t'>2</subfield>
        <subfield code='c'>1</subfield>
        <subfield code='o'>0</subfield>
        <subfield code='b'>H00303161E</subfield>
        <subfield code='v'>v.57(1978)</subfield>
      </datafield>
      <datafield ind1='9' ind2='1' tag='999'>
        <subfield code='i'>i1334907</subfield>
        <subfield code='l'>nohs</subfield>
        <subfield code='s'>-</subfield>
        <subfield code='t'>2</subfield>
        <subfield code='c'>1</subfield>
        <subfield code='o'>0</subfield>
        <subfield code='b'>H00303214D</subfield>
        <subfield code='v'>v.58(1978)</subfield>
      </datafield>
      <datafield ind1='9' ind2='1' tag='999'>
        <subfield code='i'>i1334908</subfield>
        <subfield code='l'>nohs</subfield>
        <subfield code='s'>-</subfield>
        <subfield code='t'>2</subfield>
        <subfield code='c'>1</subfield>
        <subfield code='o'>0</subfield>
        <subfield code='b'>H00303220A</subfield>
        <subfield code='v'>v.59(1979)</subfield>
      </datafield>
      <datafield ind1='9' ind2='1' tag='999'>
        <subfield code='i'>i1334909</subfield>
        <subfield code='l'>nohs</subfield>
        <subfield code='s'>-</subfield>
        <subfield code='t'>2</subfield>
        <subfield code='c'>1</subfield>
        <subfield code='o'>0</subfield>
        <subfield code='b'>H00303172G</subfield>
        <subfield code='v'>v.60(1979)</subfield>
      </datafield>
      <datafield ind1='9' ind2='1' tag='999'>
        <subfield code='i'>i1334910</subfield>
        <subfield code='l'>nohs</subfield>
        <subfield code='s'>-</subfield>
        <subfield code='t'>2</subfield>
        <subfield code='c'>1</subfield>
        <subfield code='o'>0</subfield>
        <subfield code='b'>H00303166J</subfield>
        <subfield code='v'>v.61(1980)</subfield>
      </datafield>
      <datafield ind1='9' ind2='1' tag='999'>
        <subfield code='i'>i1334911</subfield>
        <subfield code='l'>nohs</subfield>
        <subfield code='s'>-</subfield>
        <subfield code='t'>2</subfield>
        <subfield code='c'>1</subfield>
        <subfield code='o'>1</subfield>
        <subfield code='b'>H00303178M</subfield>
        <subfield code='v'>v.62(1980)</subfield>
      </datafield>
      <datafield ind1='9' ind2='1' tag='999'>
        <subfield code='i'>i1334912</subfield>
        <subfield code='l'>nohs</subfield>
        <subfield code='s'>-</subfield>
        <subfield code='t'>2</subfield>
        <subfield code='c'>1</subfield>
        <subfield code='o'>0</subfield>
        <subfield code='b'>H00303184J</subfield>
        <subfield code='v'>v.63(1981)</subfield>
      </datafield>
      <datafield ind1='9' ind2='1' tag='999'>
        <subfield code='i'>i1334913</subfield>
        <subfield code='l'>nohs</subfield>
        <subfield code='s'>-</subfield>
        <subfield code='t'>2</subfield>
        <subfield code='c'>1</subfield>
        <subfield code='o'>0</subfield>
        <subfield code='b'>H00303190G</subfield>
        <subfield code='v'>v.64(1981)</subfield>
      </datafield>
      <datafield ind1='9' ind2='1' tag='999'>
        <subfield code='i'>i1334914</subfield>
        <subfield code='l'>nohs</subfield>
        <subfield code='s'>-</subfield>
        <subfield code='t'>2</subfield>
        <subfield code='c'>1</subfield>
        <subfield code='o'>0</subfield>
        <subfield code='b'>H00303196M</subfield>
        <subfield code='v'>v.65(1982)</subfield>
      </datafield>
      <datafield ind1='9' ind2='1' tag='999'>
        <subfield code='i'>i1334915</subfield>
        <subfield code='l'>nohs</subfield>
        <subfield code='s'>-</subfield>
        <subfield code='t'>2</subfield>
        <subfield code='c'>1</subfield>
        <subfield code='o'>0</subfield>
        <subfield code='b'>H00303215E</subfield>
        <subfield code='v'>v.66(1982)</subfield>
      </datafield>
      <datafield ind1='9' ind2='1' tag='999'>
        <subfield code='i'>i1334916</subfield>
        <subfield code='l'>nohs</subfield>
        <subfield code='s'>-</subfield>
        <subfield code='t'>2</subfield>
        <subfield code='c'>1</subfield>
        <subfield code='o'>3</subfield>
        <subfield code='b'>H00303221B</subfield>
        <subfield code='v'>v.67(1983)</subfield>
      </datafield>
      <datafield ind1='9' ind2='1' tag='999'>
        <subfield code='i'>i1334917</subfield>
        <subfield code='l'>nohs</subfield>
        <subfield code='s'>-</subfield>
        <subfield code='t'>2</subfield>
        <subfield code='c'>1</subfield>
        <subfield code='o'>0</subfield>
        <subfield code='b'>H00303154G</subfield>
        <subfield code='v'>v.68(1983)</subfield>
      </datafield>
      <datafield ind1='9' ind2='1' tag='999'>
        <subfield code='i'>i1334918</subfield>
        <subfield code='l'>nohs</subfield>
        <subfield code='s'>-</subfield>
        <subfield code='t'>2</subfield>
        <subfield code='c'>1</subfield>
        <subfield code='o'>0</subfield>
        <subfield code='b'>H00303160D</subfield>
        <subfield code='v'>v.69(1984)</subfield>
      </datafield>
      <datafield ind1='9' ind2='1' tag='999'>
        <subfield code='i'>i1334919</subfield>
        <subfield code='l'>nohs</subfield>
        <subfield code='s'>-</subfield>
        <subfield code='t'>2</subfield>
        <subfield code='c'>1</subfield>
        <subfield code='o'>0</subfield>
        <subfield code='b'>H00303185K</subfield>
        <subfield code='v'>v.70(1984)</subfield>
      </datafield>
      <datafield ind1='9' ind2='1' tag='999'>
        <subfield code='i'>i1334920</subfield>
        <subfield code='l'>nohs</subfield>
        <subfield code='s'>-</subfield>
        <subfield code='t'>2</subfield>
        <subfield code='c'>1</subfield>
        <subfield code='o'>0</subfield>
        <subfield code='b'>H00303197N</subfield>
        <subfield code='v'>v.71(1985)</subfield>
      </datafield>
      <datafield ind1='9' ind2='1' tag='999'>
        <subfield code='i'>i1334921</subfield>
        <subfield code='l'>nohs</subfield>
        <subfield code='s'>-</subfield>
        <subfield code='t'>2</subfield>
        <subfield code='c'>1</subfield>
        <subfield code='o'>0</subfield>
        <subfield code='b'>H00303191H</subfield>
        <subfield code='v'>v.72(1985)</subfield>
      </datafield>
      <datafield ind1='9' ind2='1' tag='999'>
        <subfield code='i'>i1334922</subfield>
        <subfield code='l'>nohs</subfield>
        <subfield code='s'>-</subfield>
        <subfield code='t'>2</subfield>
        <subfield code='c'>1</subfield>
        <subfield code='o'>0</subfield>
        <subfield code='b'>H00303203B</subfield>
        <subfield code='v'>v.73(1986)</subfield>
      </datafield>
      <datafield ind1='9' ind2='1' tag='999'>
        <subfield code='i'>i1334923</subfield>
        <subfield code='l'>nohs</subfield>
        <subfield code='s'>-</subfield>
        <subfield code='t'>2</subfield>
        <subfield code='c'>1</subfield>
        <subfield code='o'>0</subfield>
        <subfield code='b'>H00303209H</subfield>
        <subfield code='v'>v.74(1986)</subfield>
      </datafield>
      <datafield ind1='9' ind2='1' tag='999'>
        <subfield code='i'>i1334924</subfield>
        <subfield code='l'>nohs</subfield>
        <subfield code='s'>-</subfield>
        <subfield code='t'>2</subfield>
        <subfield code='c'>1</subfield>
        <subfield code='o'>0</subfield>
        <subfield code='b'>H00303155H</subfield>
        <subfield code='v'>v.75(1987)</subfield>
      </datafield>
      <datafield ind1='9' ind2='1' tag='999'>
        <subfield code='i'>i1334925</subfield>
        <subfield code='l'>nohs</subfield>
        <subfield code='s'>-</subfield>
        <subfield code='t'>2</subfield>
        <subfield code='c'>1</subfield>
        <subfield code='o'>0</subfield>
        <subfield code='b'>H00303167K</subfield>
        <subfield code='v'>v.76(1987)</subfield>
      </datafield>
      <datafield ind1='9' ind2='1' tag='999'>
        <subfield code='i'>i1334926</subfield>
        <subfield code='l'>nohs</subfield>
        <subfield code='s'>-</subfield>
        <subfield code='t'>2</subfield>
        <subfield code='c'>1</subfield>
        <subfield code='o'>0</subfield>
        <subfield code='b'>H00303281H</subfield>
        <subfield code='v'>v.77(1988)</subfield>
      </datafield>
      <datafield ind1='9' ind2='1' tag='999'>
        <subfield code='i'>i1334927</subfield>
        <subfield code='l'>nohs</subfield>
        <subfield code='s'>-</subfield>
        <subfield code='t'>2</subfield>
        <subfield code='c'>1</subfield>
        <subfield code='o'>0</subfield>
        <subfield code='b'>H00303250D</subfield>
        <subfield code='v'>v.78(1988)</subfield>
      </datafield>
      <datafield ind1='9' ind2='1' tag='999'>
        <subfield code='i'>i1334928</subfield>
        <subfield code='l'>nohs</subfield>
        <subfield code='s'>-</subfield>
        <subfield code='t'>2</subfield>
        <subfield code='c'>1</subfield>
        <subfield code='o'>0</subfield>
        <subfield code='b'>H00303244G</subfield>
        <subfield code='v'>v.79(1989)</subfield>
      </datafield>
      <datafield ind1='9' ind2='1' tag='999'>
        <subfield code='i'>i1334929</subfield>
        <subfield code='l'>nohs</subfield>
        <subfield code='s'>-</subfield>
        <subfield code='t'>2</subfield>
        <subfield code='c'>1</subfield>
        <subfield code='o'>1</subfield>
        <subfield code='b'>H00198010J</subfield>
        <subfield code='v'>v.80(1989)</subfield>
      </datafield>
      <datafield ind1='9' ind2='1' tag='999'>
        <subfield code='i'>i1334930</subfield>
        <subfield code='l'>nohs</subfield>
        <subfield code='s'>-</subfield>
        <subfield code='t'>2</subfield>
        <subfield code='c'>1</subfield>
        <subfield code='o'>0</subfield>
        <subfield code='b'>H00303232D</subfield>
        <subfield code='v'>v.81(1990)</subfield>
      </datafield>
      <datafield ind1='9' ind2='1' tag='999'>
        <subfield code='i'>i1334931</subfield>
        <subfield code='l'>nohs</subfield>
        <subfield code='s'>-</subfield>
        <subfield code='t'>2</subfield>
        <subfield code='c'>1</subfield>
        <subfield code='o'>1</subfield>
        <subfield code='b'>H00406253K</subfield>
        <subfield code='v'>v.82(1990)</subfield>
      </datafield>
      <datafield ind1='9' ind2='1' tag='999'>
        <subfield code='i'>i1334932</subfield>
        <subfield code='l'>nohs</subfield>
        <subfield code='s'>-</subfield>
        <subfield code='t'>2</subfield>
        <subfield code='c'>1</subfield>
        <subfield code='o'>0</subfield>
        <subfield code='b'>H00303226G</subfield>
        <subfield code='v'>v.83(1991)</subfield>
      </datafield>
      <datafield ind1='9' ind2='1' tag='999'>
        <subfield code='i'>i1334933</subfield>
        <subfield code='l'>nohs</subfield>
        <subfield code='s'>-</subfield>
        <subfield code='t'>2</subfield>
        <subfield code='c'>1</subfield>
        <subfield code='o'>0</subfield>
        <subfield code='b'>H00303268M</subfield>
        <subfield code='v'>v.84(1991)</subfield>
      </datafield>
      <datafield ind1='9' ind2='1' tag='999'>
        <subfield code='i'>i1334934</subfield>
        <subfield code='l'>nohs</subfield>
        <subfield code='s'>-</subfield>
        <subfield code='t'>2</subfield>
        <subfield code='c'>1</subfield>
        <subfield code='o'>0</subfield>
        <subfield code='b'>H00263341J</subfield>
        <subfield code='v'>v.85(1992)</subfield>
      </datafield>
      <datafield ind1='9' ind2='1' tag='999'>
        <subfield code='i'>i1334935</subfield>
        <subfield code='l'>nohs</subfield>
        <subfield code='s'>-</subfield>
        <subfield code='t'>2</subfield>
        <subfield code='c'>1</subfield>
        <subfield code='o'>0</subfield>
        <subfield code='b'>H00263342K</subfield>
        <subfield code='v'>v.86(1992)</subfield>
      </datafield>
      <datafield ind1='9' ind2='1' tag='999'>
        <subfield code='i'>i1334936</subfield>
        <subfield code='l'>nohs</subfield>
        <subfield code='s'>-</subfield>
        <subfield code='t'>2</subfield>
        <subfield code='c'>1</subfield>
        <subfield code='o'>2</subfield>
        <subfield code='b'>H00263349R</subfield>
        <subfield code='v'>v.87(1993)</subfield>
      </datafield>
      <datafield ind1='9' ind2='1' tag='999'>
        <subfield code='i'>i1334937</subfield>
        <subfield code='l'>nohs</subfield>
        <subfield code='s'>-</subfield>
        <subfield code='t'>2</subfield>
        <subfield code='c'>1</subfield>
        <subfield code='o'>0</subfield>
        <subfield code='b'>H00180670M</subfield>
        <subfield code='v'>v.88(1993)</subfield>
      </datafield>
      <datafield ind1='9' ind2='1' tag='999'>
        <subfield code='i'>i1334938</subfield>
        <subfield code='l'>nohs</subfield>
        <subfield code='s'>-</subfield>
        <subfield code='t'>2</subfield>
        <subfield code='c'>1</subfield>
        <subfield code='o'>1</subfield>
        <subfield code='b'>H00189839</subfield>
        <subfield code='v'>v.89(1994)</subfield>
      </datafield>
      <datafield ind1='9' ind2='1' tag='999'>
        <subfield code='i'>i1334939</subfield>
        <subfield code='l'>nohs</subfield>
        <subfield code='s'>-</subfield>
        <subfield code='t'>2</subfield>
        <subfield code='c'>1</subfield>
        <subfield code='o'>1</subfield>
        <subfield code='b'>H00172873S</subfield>
        <subfield code='v'>v.90(1994)</subfield>
      </datafield>
      <datafield ind1='9' ind2='1' tag='999'>
        <subfield code='i'>i1334940</subfield>
        <subfield code='l'>nohs</subfield>
        <subfield code='s'>-</subfield>
        <subfield code='t'>2</subfield>
        <subfield code='c'>1</subfield>
        <subfield code='o'>2</subfield>
        <subfield code='b'>H00210495L</subfield>
        <subfield code='v'>v.91(1995)</subfield>
      </datafield>
      <datafield ind1='9' ind2='1' tag='999'>
        <subfield code='i'>i1334941</subfield>
        <subfield code='l'>nohs</subfield>
        <subfield code='s'>-</subfield>
        <subfield code='t'>2</subfield>
        <subfield code='c'>1</subfield>
        <subfield code='o'>2</subfield>
        <subfield code='b'>H00205959U</subfield>
        <subfield code='v'>v.92(1995)</subfield>
      </datafield>
      <datafield ind1='9' ind2='1' tag='999'>
        <subfield code='i'>i1334942</subfield>
        <subfield code='l'>nohs</subfield>
        <subfield code='s'>-</subfield>
        <subfield code='t'>2</subfield>
        <subfield code='c'>1</subfield>
        <subfield code='o'>1</subfield>
        <subfield code='b'>H00195976.</subfield>
        <subfield code='v'>v.93(1996)</subfield>
      </datafield>
      <datafield ind1='9' ind2='1' tag='999'>
        <subfield code='i'>i1334943</subfield>
        <subfield code='l'>nohs</subfield>
        <subfield code='s'>-</subfield>
        <subfield code='t'>2</subfield>
        <subfield code='c'>1</subfield>
        <subfield code='o'>1</subfield>
        <subfield code='b'>H00202858P</subfield>
        <subfield code='v'>v.94(1996)</subfield>
      </datafield>
      <datafield ind1='9' ind2='1' tag='999'>
        <subfield code='i'>i1334944</subfield>
        <subfield code='l'>nohs</subfield>
        <subfield code='s'>-</subfield>
        <subfield code='t'>2</subfield>
        <subfield code='c'>1</subfield>
        <subfield code='o'>1</subfield>
        <subfield code='b'>H00233905M</subfield>
        <subfield code='v'>v.95(1997)</subfield>
        <subfield code='n'>includes suppls. 389-390</subfield>
      </datafield>
      <datafield ind1='9' ind2='1' tag='999'>
        <subfield code='i'>i1334945</subfield>
        <subfield code='l'>nohs</subfield>
        <subfield code='s'>-</subfield>
        <subfield code='t'>2</subfield>
        <subfield code='c'>1</subfield>
        <subfield code='o'>1</subfield>
        <subfield code='b'>H00239958-</subfield>
        <subfield code='v'>v.96(1997)</subfield>
        <subfield code='n'>includes suppls. 391-392</subfield>
      </datafield>
      <datafield ind1='9' ind2='1' tag='999'>
        <subfield code='i'>i1334946</subfield>
        <subfield code='l'>nohs</subfield>
        <subfield code='s'>-</subfield>
        <subfield code='t'>2</subfield>
        <subfield code='c'>1</subfield>
        <subfield code='o'>1</subfield>
        <subfield code='b'>H00222737N</subfield>
        <subfield code='v'>v.97(1998)</subfield>
      </datafield>
      <datafield ind1='9' ind2='1' tag='999'>
        <subfield code='i'>i1334947</subfield>
        <subfield code='l'>nohs</subfield>
        <subfield code='s'>-</subfield>
        <subfield code='t'>2</subfield>
        <subfield code='c'>1</subfield>
        <subfield code='o'>2</subfield>
        <subfield code='b'>H00224809P</subfield>
        <subfield code='v'>v.98(1998)</subfield>
        <subfield code='n'>includes suppls. 393-394</subfield>
      </datafield>
      <datafield ind1='9' ind2='1' tag='999'>
        <subfield code='i'>i1334948</subfield>
        <subfield code='l'>nohs</subfield>
        <subfield code='s'>-</subfield>
        <subfield code='t'>2</subfield>
        <subfield code='c'>1</subfield>
        <subfield code='o'>1</subfield>
        <subfield code='b'>H00229602L</subfield>
        <subfield code='v'>v.99(1999)</subfield>
        <subfield code='n'>includes suppl. 395</subfield>
      </datafield>
      <datafield ind1='9' ind2='1' tag='999'>
        <subfield code='i'>i1334949</subfield>
        <subfield code='l'>nohs</subfield>
        <subfield code='s'>-</subfield>
        <subfield code='t'>2</subfield>
        <subfield code='c'>1</subfield>
        <subfield code='o'>1</subfield>
        <subfield code='b'>H00243539Q</subfield>
        <subfield code='v'>v.100(1999)</subfield>
        <subfield code='n'>includes suppls. 396-398</subfield>
      </datafield>
      <datafield ind1='9' ind2='1' tag='999'>
        <subfield code='i'>i1334950</subfield>
        <subfield code='l'>nohs</subfield>
        <subfield code='s'>-</subfield>
        <subfield code='t'>2</subfield>
        <subfield code='c'>1</subfield>
        <subfield code='o'>1</subfield>
        <subfield code='b'>H00249587Z</subfield>
        <subfield code='v'>v.101(2000)</subfield>
        <subfield code='n'>includes suppls. 399-403</subfield>
      </datafield>
      <datafield ind1='9' ind2='1' tag='999'>
        <subfield code='i'>i1334951</subfield>
        <subfield code='l'>nohs</subfield>
        <subfield code='s'>-</subfield>
        <subfield code='t'>2</subfield>
        <subfield code='c'>1</subfield>
        <subfield code='o'>1</subfield>
        <subfield code='b'>H00249611N</subfield>
        <subfield code='v'>v.102(2000)</subfield>
        <subfield code='n'>includes suppls. 404-407</subfield>
      </datafield>
      <datafield ind1='9' ind2='1' tag='999'>
        <subfield code='i'>i1334952</subfield>
        <subfield code='l'>nohs</subfield>
        <subfield code='s'>-</subfield>
        <subfield code='t'>2</subfield>
        <subfield code='c'>1</subfield>
        <subfield code='o'>1</subfield>
        <subfield code='b'>H00254671P</subfield>
        <subfield code='v'>v.103(2001)</subfield>
      </datafield>
      <datafield ind1='9' ind2='1' tag='999'>
        <subfield code='i'>i1334953</subfield>
        <subfield code='l'>nohs</subfield>
        <subfield code='s'>-</subfield>
        <subfield code='t'>2</subfield>
        <subfield code='c'>1</subfield>
        <subfield code='o'>1</subfield>
        <subfield code='b'>H00261939U</subfield>
        <subfield code='v'>v.104(2001)</subfield>
        <subfield code='n'>includes suppls. 408-410</subfield>
      </datafield>
      <datafield ind1='9' ind2='1' tag='999'>
        <subfield code='i'>i1334954</subfield>
        <subfield code='l'>nohs</subfield>
        <subfield code='s'>-</subfield>
        <subfield code='t'>2</subfield>
        <subfield code='c'>1</subfield>
        <subfield code='o'>1</subfield>
        <subfield code='b'>H00261985V</subfield>
        <subfield code='v'>v.105(2002)</subfield>
        <subfield code='n'>includes suppl. 411</subfield>
      </datafield>
      <datafield ind1='9' ind2='1' tag='999'>
        <subfield code='i'>i1334955</subfield>
        <subfield code='l'>nohs</subfield>
        <subfield code='s'>-</subfield>
        <subfield code='t'>2</subfield>
        <subfield code='c'>1</subfield>
        <subfield code='o'>1</subfield>
        <subfield code='b'>H00298015P</subfield>
        <subfield code='v'>v.106(2002)</subfield>
        <subfield code='n'>includes suppls. 413-415  missing suppl. 412</subfield>
      </datafield>
      <datafield ind1='9' ind2='1' tag='999'>
        <subfield code='i'>i1334956</subfield>
        <subfield code='l'>nohs</subfield>
        <subfield code='s'>-</subfield>
        <subfield code='t'>2</subfield>
        <subfield code='c'>1</subfield>
        <subfield code='o'>1</subfield>
        <subfield code='b'>H00296331O</subfield>
        <subfield code='v'>v.107(2003)</subfield>
        <subfield code='n'>includes suppl. 416</subfield>
      </datafield>
      <datafield ind1='9' ind2='1' tag='999'>
        <subfield code='i'>i1334957</subfield>
        <subfield code='l'>nohs</subfield>
        <subfield code='s'>-</subfield>
        <subfield code='t'>2</subfield>
        <subfield code='c'>1</subfield>
        <subfield code='o'>1</subfield>
        <subfield code='b'>H00296283U</subfield>
        <subfield code='v'>v.108(2003)</subfield>
        <subfield code='n'>includes suppls. 417-419</subfield>
      </datafield>
      <datafield ind1='9' ind2='1' tag='999'>
        <subfield code='i'>i1334958</subfield>
        <subfield code='l'>nohs</subfield>
        <subfield code='s'>-</subfield>
        <subfield code='t'>2</subfield>
        <subfield code='c'>1</subfield>
        <subfield code='o'>1</subfield>
        <subfield code='b'>H00298350R</subfield>
        <subfield code='v'>v.109(2004)</subfield>
        <subfield code='n'>includes suppl. 420</subfield>
      </datafield>
      <datafield ind1='9' ind2='1' tag='999'>
        <subfield code='i'>i6135901</subfield>
        <subfield code='l'>nohs</subfield>
        <subfield code='s'>-</subfield>
        <subfield code='t'>2</subfield>
        <subfield code='c'>1</subfield>
        <subfield code='o'>1</subfield>
        <subfield code='b'>H00392898$</subfield>
        <subfield code='v'>v.110(2004)</subfield>
        <subfield code='n'>includes suppls. 421-425</subfield>
      </datafield>
      <datafield ind1='9' ind2='1' tag='999'>
        <subfield code='i'>i6276254</subfield>
        <subfield code='l'>nohs</subfield>
        <subfield code='s'>-</subfield>
        <subfield code='t'>2</subfield>
        <subfield code='c'>1</subfield>
        <subfield code='o'>0</subfield>
        <subfield code='b'>H00396362T</subfield>
        <subfield code='v'>v.111(2005)</subfield>
        <subfield code='n'>includes suppls.426-427</subfield>
      </datafield>
      <datafield ind1='9' ind2='1' tag='999'>
        <subfield code='i'>i6377511</subfield>
        <subfield code='l'>nohs</subfield>
        <subfield code='s'>-</subfield>
        <subfield code='t'>2</subfield>
        <subfield code='c'>1</subfield>
        <subfield code='o'>0</subfield>
        <subfield code='b'>H00403538N</subfield>
        <subfield code='v'>v.112(2005)</subfield>
        <subfield code='n'>includes suppl. 428</subfield>
      </datafield>
      <datafield ind1='9' ind2='1' tag='999'>
        <subfield code='i'>i6471127</subfield>
        <subfield code='l'>nohs</subfield>
        <subfield code='s'>-</subfield>
        <subfield code='t'>2</subfield>
        <subfield code='c'>1</subfield>
        <subfield code='o'>0</subfield>
        <subfield code='b'>H00403745N</subfield>
        <subfield code='v'>v.113(2006)</subfield>
        <subfield code='n'>includes suppls. 429-430</subfield>
      </datafield>
      <datafield ind1='9' ind2='1' tag='999'>
        <subfield code='i'>i6770569</subfield>
        <subfield code='l'>nohs</subfield>
        <subfield code='s'>-</subfield>
        <subfield code='t'>2</subfield>
        <subfield code='c'>1</subfield>
        <subfield code='o'>0</subfield>
        <subfield code='b'>H00469199</subfield>
        <subfield code='v'>v.114(2006)</subfield>
        <subfield code='n'>includes suppls. 431-432</subfield>
      </datafield>
      <datafield ind1='9' ind2='2' tag='999'>
        <subfield code='a'>c10147509</subfield>
        <subfield code='b'>nohs</subfield>
        <subfield code='c'>0</subfield>
      </datafield>
      <datafield ind1='9' ind2='3' tag='999'>
        <subfield code='0'>c10147509</subfield>
        <subfield code='2'>852</subfield>
        <subfield code='3'>c</subfield>
        <subfield code='z'>Shelved by title. </subfield>
        <subfield code='z'>Print version not currently received.</subfield>
      </datafield>
      <datafield ind1='9' ind2='3' tag='999'>
        <subfield code='0'>c10147509</subfield>
        <subfield code='2'>853</subfield>
        <subfield code='3'>g</subfield>
        <subfield code='8'>1</subfield>
        <subfield code='a'>v.</subfield>
        <subfield code='i'>(year)</subfield>
        <subfield code='t'>c.</subfield>
      </datafield>
      <datafield ind1='0' ind2='0' tag='999'>
        <subfield code='a'>2004-10-01 00:00:00-04</subfield>
        <subfield code='c'>2004-09-27 13:23:00-04</subfield>
        <subfield code='u'>2016-09-24 15:45:04-04</subfield>
      </datafield>
  </record>