
  <record>
    <leader>00000cama 2200301 a 4500</leader>
      <controlfield tag='008'>840915s1776    enk     a     000 0 eng  </controlfield>
      <controlfield tag='001'>M-ESTCN14821814</controlfield>
      <controlfield tag='003'>OCoLC</controlfield>
      <controlfield tag='005'>20050805080725.0</controlfield>
      <datafield ind1='7' ind2=' ' tag='016'>
        <subfield code='a'>2165057R</subfield>
        <subfield code='2'>DNLM</subfield>
      </datafield>
      <datafield ind1=' ' ind2=' ' tag='035'>
        <subfield code='a'>(OCoLC)M-ESTCN14821814</subfield>
      </datafield>
      <datafield ind1=' ' ind2=' ' tag='040'>
        <subfield code='a'>NLM</subfield>
        <subfield code='c'>NLM</subfield>
        <subfield code='d'>OCLCQ</subfield>
      </datafield>
      <datafield ind1=' ' ind2=' ' tag='042'>
        <subfield code='a'>pcc</subfield>
      </datafield>
      <datafield ind1=' ' ind2=' ' tag='049'>
        <subfield code='a'>NOHH</subfield>
      </datafield>
      <datafield ind1='0' ind2='0' tag='060'>
        <subfield code='a'>W6</subfield>
        <subfield code='b'>P3 v.611 no.3</subfield>
      </datafield>
      <datafield ind1='1' ind2=' ' tag='100'>
        <subfield code='a'>Charleton, Rice,</subfield>
        <subfield code='d'>1710-1789.</subfield>
      </datafield>
      <datafield ind1='1' ind2='0' tag='245'>
        <subfield code='a'>Cases of patients admitted into the hospital at Bath, under the care of the late Dr. Oliver</subfield>
        <subfield code='h'>[microform]</subfield>
        <subfield code='b'>With some additional cases and notes /</subfield>
        <subfield code='c'>by R. Charleton ... : to which are added, Observations on stomach complaints, and the jaundice.</subfield>
      </datafield>
      <datafield ind1=' ' ind2=' ' tag='260'>
        <subfield code='a'>Bath :</subfield>
        <subfield code='b'>Printed by R. Cruttwell, for W. Taylor ..., and sold by R. Baldwin .. London,</subfield>
        <subfield code='c'>1776.</subfield>
      </datafield>
      <datafield ind1=' ' ind2=' ' tag='300'>
        <subfield code='a'>iv, [1], iv-vi, 104 p. :</subfield>
        <subfield code='b'>20 cm. (8vo)</subfield>
      </datafield>
      <datafield ind1='4' ind2=' ' tag='510'>
        <subfield code='a'>ESTC (RLIN)</subfield>
        <subfield code='c'>N15431</subfield>
      </datafield>
      <datafield ind1=' ' ind2=' ' tag='533'>
        <subfield code='a'>Microfilm.</subfield>
        <subfield code='b'>Woodbridge, CT</subfield>
        <subfield code='c'>Research Publications, Inc.,</subfield>
        <subfield code='d'>1988.</subfield>
        <subfield code='e'>1 reel ; 35mm.</subfield>
        <subfield code='f'>(The Eighteenth Century ; reel 3010, no. 4).</subfield>
      </datafield>
      <datafield ind1=' ' ind2='0' tag='830'>
        <subfield code='a'>Eighteenth century ;</subfield>
        <subfield code='v'>reel 3010, no. 4.</subfield>
      </datafield>
      <datafield ind1=' ' ind2=' ' tag='907'>
        <subfield code='a'>b3832871</subfield>
      </datafield>
      <datafield ind1='9' ind2='1' tag='999'>
        <subfield code='i'>i5315077</subfield>
        <subfield code='l'>dgdaa</subfield>
        <subfield code='s'>-</subfield>
        <subfield code='t'>28</subfield>
        <subfield code='c'>1</subfield>
        <subfield code='o'>0</subfield>
        <subfield code='b'>HBCY-2795-00001</subfield>
        <subfield code='p'>099#9</subfield>
        <subfield code='q'>|a1-2586 reel 3010, no. 4</subfield>
      </datafield>
      <datafield ind1='0' ind2='0' tag='999'>
        <subfield code='a'>2005-08-05 00:00:00-04</subfield>
        <subfield code='c'>2004-10-06 10:18:00-04</subfield>
        <subfield code='u'>2016-02-03 09:29:09-05</subfield>
      </datafield>
  </record>