
  <record>
    <leader>00000pam  2200349 a 4500</leader>
      <controlfield tag='008'>040213s2004    dcu      b   f000 0 eng  </controlfield>
      <controlfield tag='001'>tmp54543095</controlfield>
      <controlfield tag='003'>OCoLC</controlfield>
      <controlfield tag='005'>20050920090719.0</controlfield>
      <datafield ind1=' ' ind2=' ' tag='010'>
        <subfield code='a'>2004044192</subfield>
      </datafield>
      <datafield ind1=' ' ind2=' ' tag='019'>
        <subfield code='a'>55956723</subfield>
      </datafield>
      <datafield ind1=' ' ind2=' ' tag='020'>
        <subfield code='a'>0844411132</subfield>
      </datafield>
      <datafield ind1=' ' ind2=' ' tag='035'>
        <subfield code='a'>(OCoLC)tmp54543095</subfield>
      </datafield>
      <datafield ind1=' ' ind2=' ' tag='040'>
        <subfield code='a'>DLC</subfield>
        <subfield code='c'>DLC</subfield>
        <subfield code='d'>GPO</subfield>
        <subfield code='d'>WAU</subfield>
        <subfield code='d'>BAKER</subfield>
      </datafield>
      <datafield ind1=' ' ind2=' ' tag='049'>
        <subfield code='a'>NOCl</subfield>
      </datafield>
      <datafield ind1='0' ind2='0' tag='050'>
        <subfield code='a'>Z699.35.M28</subfield>
        <subfield code='b'>U54 2004</subfield>
      </datafield>
      <datafield ind1=' ' ind2=' ' tag='051'>
        <subfield code='a'>Z663.12</subfield>
        <subfield code='b'>U54 2004</subfield>
      </datafield>
      <datafield ind1=' ' ind2=' ' tag='074'>
        <subfield code='a'>0815</subfield>
      </datafield>
      <datafield ind1='0' ind2='0' tag='082'>
        <subfield code='a'>025.3/16</subfield>
        <subfield code='2'>22</subfield>
      </datafield>
      <datafield ind1='0' ind2=' ' tag='086'>
        <subfield code='a'>LC 30.2:M 18/6/2004</subfield>
      </datafield>
      <datafield ind1='0' ind2='0' tag='245'>
        <subfield code='a'>Understanding MARC authority records :</subfield>
        <subfield code='b'>machine-readable cataloging.</subfield>
      </datafield>
      <datafield ind1=' ' ind2=' ' tag='260'>
        <subfield code='a'>Washington, DC :</subfield>
        <subfield code='b'>Cataloging Distribution Service, Library of Congress,</subfield>
        <subfield code='c'>c2004.</subfield>
      </datafield>
      <datafield ind1=' ' ind2=' ' tag='300'>
        <subfield code='a'>28 p. ;</subfield>
        <subfield code='c'>28 cm.</subfield>
      </datafield>
      <datafield ind1=' ' ind2=' ' tag='500'>
        <subfield code='a'>Cover title.</subfield>
      </datafield>
      <datafield ind1=' ' ind2=' ' tag='500'>
        <subfield code='a'>Developed and written by the Library of Congress, Network Development and MARC Standards Office.</subfield>
      </datafield>
      <datafield ind1=' ' ind2=' ' tag='504'>
        <subfield code='a'>Includes bibliographical references (p. 25).</subfield>
      </datafield>
      <datafield ind1=' ' ind2='0' tag='650'>
        <subfield code='a'>MARC formats.</subfield>
      </datafield>
      <datafield ind1=' ' ind2='0' tag='650'>
        <subfield code='a'>Authority files (Information retrieval)</subfield>
      </datafield>
      <datafield ind1='2' ind2=' ' tag='710'>
        <subfield code='a'>Library of Congress.</subfield>
        <subfield code='b'>Network Development and MARC Standards Office.</subfield>
      </datafield>
      <datafield ind1=' ' ind2=' ' tag='907'>
        <subfield code='a'>b4462321</subfield>
      </datafield>
      <datafield ind1='9' ind2='1' tag='999'>
        <subfield code='i'>i6255513</subfield>
        <subfield code='l'>llba</subfield>
        <subfield code='s'>-</subfield>
        <subfield code='t'>44</subfield>
        <subfield code='c'>1</subfield>
        <subfield code='o'>1</subfield>
        <subfield code='b'>00025034392</subfield>
        <subfield code='p'>05000</subfield>
        <subfield code='q'>|aZ699.35.M28|bU54 2004</subfield>
      </datafield>
      <datafield ind1='9' ind2='1' tag='999'>
        <subfield code='i'>i6255514</subfield>
        <subfield code='l'>llba</subfield>
        <subfield code='s'>-</subfield>
        <subfield code='t'>44</subfield>
        <subfield code='c'>2</subfield>
        <subfield code='o'>1</subfield>
        <subfield code='b'>00025034409</subfield>
        <subfield code='p'>05000</subfield>
        <subfield code='q'>|aZ699.35.M28|bU54 2004</subfield>
      </datafield>
      <datafield ind1='9' ind2='1' tag='999'>
        <subfield code='i'>i6255515</subfield>
        <subfield code='l'>llba</subfield>
        <subfield code='s'>-</subfield>
        <subfield code='t'>44</subfield>
        <subfield code='c'>3</subfield>
        <subfield code='o'>0</subfield>
        <subfield code='b'>00025034418</subfield>
        <subfield code='p'>05000</subfield>
        <subfield code='q'>|aZ699.35.M28|bU54 2004</subfield>
      </datafield>
      <datafield ind1='9' ind2='1' tag='999'>
        <subfield code='i'>i6255516</subfield>
        <subfield code='l'>llba</subfield>
        <subfield code='s'>-</subfield>
        <subfield code='t'>44</subfield>
        <subfield code='c'>4</subfield>
        <subfield code='o'>0</subfield>
        <subfield code='b'>00025034427</subfield>
        <subfield code='p'>05000</subfield>
        <subfield code='q'>|aZ699.35.M28|bU54 2004</subfield>
      </datafield>
      <datafield ind1='0' ind2='0' tag='999'>
        <subfield code='a'>2005-09-20 00:00:00-04</subfield>
        <subfield code='c'>2004-10-07 13:27:47-04</subfield>
        <subfield code='u'>2017-11-10 15:01:44.846-05</subfield>
      </datafield>
  </record>