
  <record>
    <leader>00000cam  2200337Ia 4500</leader>
      <controlfield tag='006'>m    |   j |</controlfield>
      <controlfield tag='008'>850411s1836    enkc    sb    001 0 eng d</controlfield>
      <controlfield tag='007'>cr||n||||||||n</controlfield>
      <controlfield tag='001'>moml11907452 </controlfield>
      <controlfield tag='003'>OCoLC</controlfield>
      <controlfield tag='005'>20040317073943.0</controlfield>
      <datafield ind1=' ' ind2=' ' tag='040'>
        <subfield code='a'>LLT</subfield>
        <subfield code='c'>LLT</subfield>
        <subfield code='d'>NLT</subfield>
        <subfield code='d'>OCL</subfield>
        <subfield code='d'>Thomson Gale</subfield>
      </datafield>
      <datafield ind1=' ' ind2=' ' tag='043'>
        <subfield code='a'>e-uk---</subfield>
      </datafield>
      <datafield ind1='1' ind2=' ' tag='100'>
        <subfield code='a'>Blackstone, William,</subfield>
        <subfield code='d'>1723-1780.</subfield>
      </datafield>
      <datafield ind1='1' ind2='0' tag='245'>
        <subfield code='a'>Commentaries on the laws of England</subfield>
        <subfield code='h'>[electronic resource] :</subfield>
        <subfield code='b'>in four books, with an analysis of the work /</subfield>
        <subfield code='c'>by William Blackstone.</subfield>
      </datafield>
      <datafield ind1=' ' ind2=' ' tag='250'>
        <subfield code='a'>19th ed. /</subfield>
        <subfield code='b'>with the last corrections of the author, and copious notes by J.E. Hovenden.</subfield>
      </datafield>
      <datafield ind1=' ' ind2=' ' tag='260'>
        <subfield code='a'>London :</subfield>
        <subfield code='b'>S. Sweet,</subfield>
        <subfield code='c'>1836.</subfield>
      </datafield>
      <datafield ind1=' ' ind2=' ' tag='300'>
        <subfield code='a'>4 v. :</subfield>
        <subfield code='b'>port. ;</subfield>
        <subfield code='c'>22 cm.</subfield>
      </datafield>
      <datafield ind1=' ' ind2=' ' tag='500'>
        <subfield code='a'>Vol. 4 edited by Archer Ryland.</subfield>
      </datafield>
      <datafield ind1=' ' ind2=' ' tag='500'>
        <subfield code='a'>Reproduction of original from Harvard Law School Library.</subfield>
      </datafield>
      <datafield ind1=' ' ind2=' ' tag='504'>
        <subfield code='a'>Includes bibliographical references and index.</subfield>
      </datafield>
      <datafield ind1='4' ind2=' ' tag='510'>
        <subfield code='a'>OCLC,</subfield>
        <subfield code='c'>11907452</subfield>
      </datafield>
      <datafield ind1=' ' ind2=' ' tag='533'>
        <subfield code='a'>Electronic reproduction.</subfield>
        <subfield code='b'>Farmington Hills, Mich. :</subfield>
        <subfield code='c'>Thomson Gale,</subfield>
        <subfield code='d'>2004.</subfield>
        <subfield code='n'>Available via the World Wide Web.</subfield>
        <subfield code='n'>Access limited by licensing agreements.</subfield>
        <subfield code='7'>s2004    miunns</subfield>
      </datafield>
      <datafield ind1=' ' ind2='0' tag='650'>
        <subfield code='a'>Law</subfield>
        <subfield code='z'>Great Britain.</subfield>
      </datafield>
      <datafield ind1='1' ind2=' ' tag='700'>
        <subfield code='a'>Hovenden, John Eykyn.</subfield>
      </datafield>
      <datafield ind1='1' ind2=' ' tag='700'>
        <subfield code='a'>Ryland, Archer,</subfield>
        <subfield code='d'>1792-1857.</subfield>
      </datafield>
      <datafield ind1='1' ind2=' ' tag='776'>
        <subfield code='c'>Original</subfield>
        <subfield code='w'>(DLC) 32018559</subfield>
      </datafield>
      <datafield ind1=' ' ind2='0' tag='830'>
        <subfield code='a'>Making of modern law.</subfield>
      </datafield>
      <datafield ind1='4' ind2='0' tag='856'>
        <subfield code='u'>http://libproxy.lib.unc.edu/login?url=http://galenet.galegroup.com/servlet/MOML?af=RN&amp;ae=F100207963&amp;srchtp=a&amp;ste=14&amp;q=unc_main</subfield>
        <subfield code='3'>Full text available via the UNC-Chapel Hill libraries.</subfield>
      </datafield>
      <datafield ind1=' ' ind2=' ' tag='907'>
        <subfield code='a'>b4920184</subfield>
      </datafield>
      <datafield ind1='0' ind2='0' tag='999'>
        <subfield code='a'>2006-11-03 00:00:00-05</subfield>
        <subfield code='c'>2006-11-07 10:27:00-05</subfield>
        <subfield code='u'>2017-06-08 14:51:20-04</subfield>
      </datafield>
  </record>