
  <record>
    <leader>00000nam  2200373 i 4500</leader>
      <controlfield tag='008'>170220s2017    nyu    d      000 1 eng d</controlfield>
      <controlfield tag='001'>2016950333</controlfield>
      <controlfield tag='003'>PWmBRO</controlfield>
      <controlfield tag='005'>20170220135724.0</controlfield>
      <datafield ind1=' ' ind2=' ' tag='010'>
        <subfield code='a'>2016950333</subfield>
      </datafield>
      <datafield ind1=' ' ind2=' ' tag='020'>
        <subfield code='a'>0062498533 :</subfield>
        <subfield code='c'>$17.99</subfield>
      </datafield>
      <datafield ind1=' ' ind2=' ' tag='040'>
        <subfield code='a'>PABRO</subfield>
        <subfield code='b'>eng</subfield>
        <subfield code='c'>PABRO</subfield>
        <subfield code='e'>rda</subfield>
      </datafield>
      <datafield ind1=' ' ind2='4' tag='050'>
        <subfield code='a'>PZ7.1.T448</subfield>
        <subfield code='b'>Hat 2017</subfield>
      </datafield>
      <datafield ind1='0' ind2='4' tag='082'>
        <subfield code='a'>[Fic]</subfield>
        <subfield code='2'>23</subfield>
      </datafield>
      <datafield ind1='1' ind2=' ' tag='100'>
        <subfield code='a'>Thomas, Angie,</subfield>
        <subfield code='e'>author.</subfield>
      </datafield>
      <datafield ind1='1' ind2='4' tag='245'>
        <subfield code='a'>The hate u give /</subfield>
        <subfield code='c'>Angie Thomas.</subfield>
      </datafield>
      <datafield ind1='3' ind2=' ' tag='246'>
        <subfield code='a'>Hate you give</subfield>
      </datafield>
      <datafield ind1=' ' ind2=' ' tag='250'>
        <subfield code='a'>First edition.</subfield>
      </datafield>
      <datafield ind1=' ' ind2='1' tag='264'>
        <subfield code='a'>New York, NY :</subfield>
        <subfield code='b'>Balzer + Bray, an imprint of HarperCollins Publishers,</subfield>
        <subfield code='c'>[2017]</subfield>
      </datafield>
      <datafield ind1=' ' ind2=' ' tag='300'>
        <subfield code='a'>444 pages ;</subfield>
        <subfield code='c'>22 cm</subfield>
      </datafield>
      <datafield ind1=' ' ind2=' ' tag='336'>
        <subfield code='a'>text</subfield>
        <subfield code='b'>txt</subfield>
        <subfield code='2'>rdacontent</subfield>
      </datafield>
      <datafield ind1=' ' ind2=' ' tag='337'>
        <subfield code='a'>unmediated</subfield>
        <subfield code='b'>n</subfield>
        <subfield code='2'>rdamedia</subfield>
      </datafield>
      <datafield ind1=' ' ind2=' ' tag='338'>
        <subfield code='a'>volume</subfield>
        <subfield code='b'>nc</subfield>
        <subfield code='2'>rdacarrier</subfield>
      </datafield>
      <datafield ind1='4' ind2=' ' tag='510'>
        <subfield code='a'>Horn Book,</subfield>
        <subfield code='c'>March 01, 2017</subfield>
      </datafield>
      <datafield ind1='4' ind2=' ' tag='510'>
        <subfield code='a'>Bulletin of the Center for Children&apos;s Books,</subfield>
        <subfield code='c'>March 01, 2017</subfield>
      </datafield>
      <datafield ind1='4' ind2=' ' tag='510'>
        <subfield code='a'>VOYA (Voice of Youth Advocates Magazine),</subfield>
        <subfield code='c'>February 01, 2017</subfield>
      </datafield>
      <datafield ind1='4' ind2=' ' tag='510'>
        <subfield code='a'>School Library Journal,</subfield>
        <subfield code='c'>January 01, 2017</subfield>
      </datafield>
      <datafield ind1=' ' ind2=' ' tag='520'>
        <subfield code='a'>Publisher Annotation: Sixteen-year-old Starr Carter moves between two worlds: the poor neighborhood where she lives and the fancy suburban prep school she attends. The uneasy balance between these worlds is shattered when Starr witnesses the fatal shooting of her childhood best friend Khalil at the hands of a police officer. Khalil was unarmed. Soon afterward, his death is a national headline. Some are calling him a thug, maybe even a drug dealer and a gangbanger. Protesters are taking to the streets in Khalil?s name. Some cops and the local drug lord try to intimidate Starr and her family. What everyone wants to know is: what really went down that night? And the only person alive who can answer that is Starr. But what Starr does?or does not?say could upend her community. It could also endanger her life.</subfield>
      </datafield>
      <datafield ind1='1' ind2=' ' tag='521'>
        <subfield code='a'>14-19.</subfield>
        <subfield code='b'>Brodart</subfield>
      </datafield>
      <datafield ind1='2' ind2=' ' tag='521'>
        <subfield code='a'>9-12.</subfield>
        <subfield code='b'>Brodart</subfield>
      </datafield>
      <datafield ind1=' ' ind2='0' tag='650'>
        <subfield code='a'>Police shootings</subfield>
        <subfield code='v'>Juvenile fiction.</subfield>
      </datafield>
      <datafield ind1=' ' ind2='0' tag='650'>
        <subfield code='a'>Witnesses</subfield>
        <subfield code='v'>Juvenile fiction.</subfield>
      </datafield>
      <datafield ind1=' ' ind2='0' tag='650'>
        <subfield code='a'>Race relations</subfield>
        <subfield code='v'>Juvenile fiction.</subfield>
      </datafield>
      <datafield ind1='1' ind2=' ' tag='852'>
        <subfield code='h'>FICTION Tho</subfield>
        <subfield code='p'>6062</subfield>
        <subfield code='9'>p17.99usd</subfield>
      </datafield>
      <datafield ind1=' ' ind2=' ' tag='907'>
        <subfield code='a'>b8945292</subfield>
      </datafield>
      <datafield ind1='9' ind2='1' tag='999'>
        <subfield code='i'>i11464469</subfield>
        <subfield code='l'>uadai</subfield>
        <subfield code='s'>-</subfield>
        <subfield code='t'>62</subfield>
        <subfield code='c'>1</subfield>
        <subfield code='o'>5</subfield>
        <subfield code='d'>2017-12-08</subfield>
        <subfield code='b'>00051531779</subfield>
        <subfield code='p'>099#9</subfield>
        <subfield code='q'>|aFICTION Tho</subfield>
      </datafield>
      <datafield ind1='0' ind2='0' tag='999'>
        <subfield code='a'>2017-08-18 00:00:00-04</subfield>
        <subfield code='c'>2017-08-18 16:44:24-04</subfield>
        <subfield code='u'>2017-08-18 16:45:03-04</subfield>
      </datafield>
  </record>