
  <record>
    <leader>00000cam  2200385Mi 4500</leader>
      <controlfield tag='008'>170828s2017    orua     b    001 0 eng d</controlfield>
      <controlfield tag='001'>1001910954</controlfield>
      <controlfield tag='003'>OCoLC</controlfield>
      <controlfield tag='005'>20171011153550.5</controlfield>
      <datafield ind1=' ' ind2=' ' tag='019'>
        <subfield code='a'>1001948063</subfield>
      </datafield>
      <datafield ind1=' ' ind2=' ' tag='020'>
        <subfield code='a'>9781498243179</subfield>
        <subfield code='q'>hardcover</subfield>
      </datafield>
      <datafield ind1=' ' ind2=' ' tag='020'>
        <subfield code='a'>1498243177</subfield>
        <subfield code='q'>hardcover</subfield>
      </datafield>
      <datafield ind1=' ' ind2=' ' tag='020'>
        <subfield code='a'>9781532618000</subfield>
        <subfield code='q'>paperback</subfield>
      </datafield>
      <datafield ind1=' ' ind2=' ' tag='020'>
        <subfield code='a'>153261800X</subfield>
        <subfield code='q'>paperback</subfield>
      </datafield>
      <datafield ind1=' ' ind2=' ' tag='035'>
        <subfield code='a'>(OCoLC)1001910954</subfield>
        <subfield code='z'>(OCoLC)1001948063</subfield>
      </datafield>
      <datafield ind1=' ' ind2=' ' tag='040'>
        <subfield code='a'>YDX</subfield>
        <subfield code='b'>eng</subfield>
        <subfield code='e'>rda</subfield>
        <subfield code='c'>YDX</subfield>
        <subfield code='d'>NhCcYBP</subfield>
      </datafield>
      <datafield ind1=' ' ind2=' ' tag='043'>
        <subfield code='a'>n-usn--</subfield>
      </datafield>
      <datafield ind1=' ' ind2='4' tag='050'>
        <subfield code='a'>PS153.P87</subfield>
        <subfield code='b'>P69 2017</subfield>
      </datafield>
      <datafield ind1='0' ind2='4' tag='082'>
        <subfield code='a'>252/.0590974</subfield>
        <subfield code='2'>23</subfield>
      </datafield>
      <datafield ind1='1' ind2=' ' tag='100'>
        <subfield code='a'>Powers, David M.,</subfield>
        <subfield code='e'>author.</subfield>
      </datafield>
      <datafield ind1='1' ind2='0' tag='245'>
        <subfield code='a'>Good and comfortable words :</subfield>
        <subfield code='b'>the coded sermon notes of John Pynchon and the frontier preaching ministry of George Moxon /</subfield>
        <subfield code='c'>David M. Powers ; Foreword by Meredith M. Neuman.</subfield>
      </datafield>
      <datafield ind1=' ' ind2='1' tag='264'>
        <subfield code='a'>Eugene, Oregon :</subfield>
        <subfield code='b'>Wipf &amp; Stock,</subfield>
        <subfield code='c'>[2017]</subfield>
      </datafield>
      <datafield ind1=' ' ind2=' ' tag='300'>
        <subfield code='a'>xvi, 214 pages ;</subfield>
        <subfield code='c'>23 cm</subfield>
      </datafield>
      <datafield ind1=' ' ind2=' ' tag='336'>
        <subfield code='a'>text</subfield>
        <subfield code='b'>txt</subfield>
        <subfield code='2'>rdacontent</subfield>
      </datafield>
      <datafield ind1=' ' ind2=' ' tag='337'>
        <subfield code='a'>unmediated</subfield>
        <subfield code='b'>n</subfield>
        <subfield code='2'>rdamedia</subfield>
      </datafield>
      <datafield ind1=' ' ind2=' ' tag='338'>
        <subfield code='a'>volume</subfield>
        <subfield code='b'>nc</subfield>
        <subfield code='2'>rdacarrier</subfield>
      </datafield>
      <datafield ind1=' ' ind2=' ' tag='504'>
        <subfield code='a'>Includes bibliographical references and index.</subfield>
      </datafield>
      <datafield ind1='1' ind2='0' tag='600'>
        <subfield code='a'>Pynchon, John,</subfield>
        <subfield code='d'>1621-1703.</subfield>
      </datafield>
      <datafield ind1=' ' ind2='0' tag='650'>
        <subfield code='a'>Sermons, American</subfield>
        <subfield code='z'>New England</subfield>
        <subfield code='x'>History and criticism.</subfield>
      </datafield>
      <datafield ind1=' ' ind2='0' tag='650'>
        <subfield code='a'>Transmission of texts</subfield>
        <subfield code='z'>New England</subfield>
        <subfield code='x'>History</subfield>
        <subfield code='y'>17th century.</subfield>
      </datafield>
      <datafield ind1=' ' ind2='0' tag='650'>
        <subfield code='a'>Puritans</subfield>
        <subfield code='x'>Religious life</subfield>
        <subfield code='z'>New England.</subfield>
      </datafield>
      <datafield ind1=' ' ind2=' ' tag='907'>
        <subfield code='a'>b8980466</subfield>
      </datafield>
      <datafield ind1='9' ind2='1' tag='999'>
        <subfield code='i'>i11494133</subfield>
        <subfield code='l'>ddda</subfield>
        <subfield code='s'>-</subfield>
        <subfield code='t'>0</subfield>
        <subfield code='c'>1</subfield>
        <subfield code='o'>0</subfield>
        <subfield code='b'>00051386551</subfield>
        <subfield code='p'>050#4</subfield>
        <subfield code='q'>|aPS153.P87|bP69 2017</subfield>
      </datafield>
      <datafield ind1='0' ind2='0' tag='999'>
        <subfield code='a'>2017-11-08 00:00:00-05</subfield>
        <subfield code='c'>2017-11-08 15:35:40-05</subfield>
        <subfield code='u'>2017-11-08 15:35:41-05</subfield>
      </datafield>
  </record>
</collection>